%YAML 1.1
%TAG !u! tag:unity3d.com,2011:
--- !u!1 &342425458400051573
GameObject:
  m_ObjectHideFlags: 0
  m_CorrespondingSourceObject: {fileID: 0}
  m_PrefabInstance: {fileID: 0}
  m_PrefabAsset: {fileID: 0}
  serializedVersion: 6
  m_Component:
  - component: {fileID: 3672946066115743901}
  - component: {fileID: 2483497599139439124}
  - component: {fileID: 3121630351798507309}
  - component: {fileID: 1874057180352866347}
  - component: {fileID: 7956021323408920287}
  - component: {fileID: 6220893738860154795}
  m_Layer: 0
  m_Name: I6_Ramp_L_2
  m_TagString: Untagged
  m_Icon: {fileID: 0}
  m_NavMeshLayer: 0
  m_StaticEditorFlags: 0
  m_IsActive: 1
--- !u!4 &3672946066115743901
Transform:
  m_ObjectHideFlags: 0
  m_CorrespondingSourceObject: {fileID: 0}
  m_PrefabInstance: {fileID: 0}
  m_PrefabAsset: {fileID: 0}
  m_GameObject: {fileID: 342425458400051573}
  m_LocalRotation: {x: -0.7071069, y: -0.000000014901161, z: 0.000000007450581, w: 0.70710677}
  m_LocalPosition: {x: 0.7442379, y: 2.8520699, z: -0.0044488907}
  m_LocalScale: {x: 100, y: 99.99998, z: 99.99999}
  m_Children: []
  m_Father: {fileID: 5642806440783343124}
  m_RootOrder: 11
  m_LocalEulerAnglesHint: {x: 0, y: 0, z: 0}
--- !u!33 &2483497599139439124
MeshFilter:
  m_ObjectHideFlags: 0
  m_CorrespondingSourceObject: {fileID: 0}
  m_PrefabInstance: {fileID: 0}
  m_PrefabAsset: {fileID: 0}
  m_GameObject: {fileID: 342425458400051573}
  m_Mesh: {fileID: -3001166936696399787, guid: 3d3e3f91d4823174ba6aa45666ebdb48, type: 3}
--- !u!23 &3121630351798507309
MeshRenderer:
  m_ObjectHideFlags: 0
  m_CorrespondingSourceObject: {fileID: 0}
  m_PrefabInstance: {fileID: 0}
  m_PrefabAsset: {fileID: 0}
  m_GameObject: {fileID: 342425458400051573}
  m_Enabled: 1
  m_CastShadows: 1
  m_ReceiveShadows: 1
  m_DynamicOccludee: 1
  m_MotionVectors: 1
  m_LightProbeUsage: 1
  m_ReflectionProbeUsage: 1
  m_RayTracingMode: 2
  m_RayTraceProcedural: 0
  m_RenderingLayerMask: 1
  m_RendererPriority: 0
  m_Materials:
  - {fileID: 2100000, guid: 86dd34ed13ab5514183e8bb69b7b8018, type: 2}
  m_StaticBatchInfo:
    firstSubMesh: 0
    subMeshCount: 0
  m_StaticBatchRoot: {fileID: 0}
  m_ProbeAnchor: {fileID: 0}
  m_LightProbeVolumeOverride: {fileID: 0}
  m_ScaleInLightmap: 1
  m_ReceiveGI: 1
  m_PreserveUVs: 0
  m_IgnoreNormalsForChartDetection: 0
  m_ImportantGI: 0
  m_StitchLightmapSeams: 1
  m_SelectedEditorRenderState: 3
  m_MinimumChartSize: 4
  m_AutoUVMaxDistance: 0.5
  m_AutoUVMaxAngle: 89
  m_LightmapParameters: {fileID: 0}
  m_SortingLayerID: 0
  m_SortingLayer: 0
  m_SortingOrder: 0
  m_AdditionalVertexStreams: {fileID: 0}
--- !u!114 &1874057180352866347
MonoBehaviour:
  m_ObjectHideFlags: 0
  m_CorrespondingSourceObject: {fileID: 0}
  m_PrefabInstance: {fileID: 0}
  m_PrefabAsset: {fileID: 0}
  m_GameObject: {fileID: 342425458400051573}
  m_Enabled: 1
  m_EditorHideFlags: 0
  m_Script: {fileID: 11500000, guid: 04bc1a2ad9de48179fd3be8e6e14cbb4, type: 3}
  m_Name: 
  m_EditorClassIdentifier: 
  IconPrefab: {fileID: 3895102427429843593, guid: 6fce9f3fe54e69b429a0c8f07c4d1dc8,
    type: 3}
  PinPoint: {fileID: 0}
  AdditionalRenderers: []
  SortingPriorityInPanel: 0
--- !u!114 &7956021323408920287
MonoBehaviour:
  m_ObjectHideFlags: 0
  m_CorrespondingSourceObject: {fileID: 0}
  m_PrefabInstance: {fileID: 0}
  m_PrefabAsset: {fileID: 0}
  m_GameObject: {fileID: 342425458400051573}
  m_Enabled: 1
  m_EditorHideFlags: 0
  m_Script: {fileID: 11500000, guid: 94533d393af94a6eb9ecc57d5b1dec63, type: 3}
  m_Name: 
  m_EditorClassIdentifier: 
  UniqueId: 5cfaafa1e7b0f8d46a45724ce0341384
  UnchangableMaterial: {fileID: 0}
--- !u!114 &6220893738860154795
MonoBehaviour:
  m_ObjectHideFlags: 0
  m_CorrespondingSourceObject: {fileID: 0}
  m_PrefabInstance: {fileID: 0}
  m_PrefabAsset: {fileID: 0}
  m_GameObject: {fileID: 342425458400051573}
  m_Enabled: 1
  m_EditorHideFlags: 0
  m_Script: {fileID: 11500000, guid: 79b7b8eaca8044b7bc4562668bc8851d, type: 3}
  m_Name: 
  m_EditorClassIdentifier: 
  StackId: 4
--- !u!1 &520843634304996049
GameObject:
  m_ObjectHideFlags: 0
  m_CorrespondingSourceObject: {fileID: 0}
  m_PrefabInstance: {fileID: 0}
  m_PrefabAsset: {fileID: 0}
  serializedVersion: 6
  m_Component:
  - component: {fileID: 1901991144106836699}
  - component: {fileID: 3959310573013931994}
  - component: {fileID: 7278825632563767835}
  - component: {fileID: 8259317283539533691}
  - component: {fileID: 9061152300490269628}
  - component: {fileID: 7707052876882517492}
  m_Layer: 0
  m_Name: I6_Ramp_R_2
  m_TagString: Untagged
  m_Icon: {fileID: 0}
  m_NavMeshLayer: 0
  m_StaticEditorFlags: 0
  m_IsActive: 1
--- !u!4 &1901991144106836699
Transform:
  m_ObjectHideFlags: 0
  m_CorrespondingSourceObject: {fileID: 0}
  m_PrefabInstance: {fileID: 0}
  m_PrefabAsset: {fileID: 0}
  m_GameObject: {fileID: 520843634304996049}
  m_LocalRotation: {x: -0.5, y: -0.5, z: -0.49999994, w: 0.5000002}
  m_LocalPosition: {x: -0.42029, y: 2.5266943, z: -0.004450798}
  m_LocalScale: {x: 100, y: 100, z: 100}
  m_Children: []
  m_Father: {fileID: 5642806440783343124}
  m_RootOrder: 8
  m_LocalEulerAnglesHint: {x: 0, y: 0, z: 0}
--- !u!33 &3959310573013931994
MeshFilter:
  m_ObjectHideFlags: 0
  m_CorrespondingSourceObject: {fileID: 0}
  m_PrefabInstance: {fileID: 0}
  m_PrefabAsset: {fileID: 0}
  m_GameObject: {fileID: 520843634304996049}
  m_Mesh: {fileID: -5417893686501673711, guid: 3d3e3f91d4823174ba6aa45666ebdb48, type: 3}
--- !u!23 &7278825632563767835
MeshRenderer:
  m_ObjectHideFlags: 0
  m_CorrespondingSourceObject: {fileID: 0}
  m_PrefabInstance: {fileID: 0}
  m_PrefabAsset: {fileID: 0}
  m_GameObject: {fileID: 520843634304996049}
  m_Enabled: 1
  m_CastShadows: 1
  m_ReceiveShadows: 1
  m_DynamicOccludee: 1
  m_MotionVectors: 1
  m_LightProbeUsage: 1
  m_ReflectionProbeUsage: 1
  m_RayTracingMode: 2
  m_RayTraceProcedural: 0
  m_RenderingLayerMask: 1
  m_RendererPriority: 0
  m_Materials:
  - {fileID: 2100000, guid: 86dd34ed13ab5514183e8bb69b7b8018, type: 2}
  m_StaticBatchInfo:
    firstSubMesh: 0
    subMeshCount: 0
  m_StaticBatchRoot: {fileID: 0}
  m_ProbeAnchor: {fileID: 0}
  m_LightProbeVolumeOverride: {fileID: 0}
  m_ScaleInLightmap: 1
  m_ReceiveGI: 1
  m_PreserveUVs: 0
  m_IgnoreNormalsForChartDetection: 0
  m_ImportantGI: 0
  m_StitchLightmapSeams: 1
  m_SelectedEditorRenderState: 3
  m_MinimumChartSize: 4
  m_AutoUVMaxDistance: 0.5
  m_AutoUVMaxAngle: 89
  m_LightmapParameters: {fileID: 0}
  m_SortingLayerID: 0
  m_SortingLayer: 0
  m_SortingOrder: 0
  m_AdditionalVertexStreams: {fileID: 0}
--- !u!114 &8259317283539533691
MonoBehaviour:
  m_ObjectHideFlags: 0
  m_CorrespondingSourceObject: {fileID: 0}
  m_PrefabInstance: {fileID: 0}
  m_PrefabAsset: {fileID: 0}
  m_GameObject: {fileID: 520843634304996049}
  m_Enabled: 1
  m_EditorHideFlags: 0
  m_Script: {fileID: 11500000, guid: 04bc1a2ad9de48179fd3be8e6e14cbb4, type: 3}
  m_Name: 
  m_EditorClassIdentifier: 
  IconPrefab: {fileID: 1291808249222286591, guid: 813c862eeed0e3e4f838651a92764db9,
    type: 3}
  PinPoint: {fileID: 0}
  AdditionalRenderers: []
  SortingPriorityInPanel: 0
--- !u!114 &9061152300490269628
MonoBehaviour:
  m_ObjectHideFlags: 0
  m_CorrespondingSourceObject: {fileID: 0}
  m_PrefabInstance: {fileID: 0}
  m_PrefabAsset: {fileID: 0}
  m_GameObject: {fileID: 520843634304996049}
  m_Enabled: 1
  m_EditorHideFlags: 0
  m_Script: {fileID: 11500000, guid: 94533d393af94a6eb9ecc57d5b1dec63, type: 3}
  m_Name: 
  m_EditorClassIdentifier: 
  UniqueId: e3060d25f4b342341843dc95cdc89fed
  UnchangableMaterial: {fileID: 0}
--- !u!114 &7707052876882517492
MonoBehaviour:
  m_ObjectHideFlags: 0
  m_CorrespondingSourceObject: {fileID: 0}
  m_PrefabInstance: {fileID: 0}
  m_PrefabAsset: {fileID: 0}
  m_GameObject: {fileID: 520843634304996049}
  m_Enabled: 1
  m_EditorHideFlags: 0
  m_Script: {fileID: 11500000, guid: 79b7b8eaca8044b7bc4562668bc8851d, type: 3}
  m_Name: 
  m_EditorClassIdentifier: 
  StackId: 2
--- !u!1 &1476205136069594795
GameObject:
  m_ObjectHideFlags: 0
  m_CorrespondingSourceObject: {fileID: 0}
  m_PrefabInstance: {fileID: 0}
  m_PrefabAsset: {fileID: 0}
  serializedVersion: 6
  m_Component:
  - component: {fileID: 6478354160704580939}
  - component: {fileID: 9021032465191014496}
  m_Layer: 0
  m_Name: W3_M6
  m_TagString: Untagged
  m_Icon: {fileID: 0}
  m_NavMeshLayer: 0
  m_StaticEditorFlags: 0
  m_IsActive: 1
--- !u!4 &6478354160704580939
Transform:
  m_ObjectHideFlags: 0
  m_CorrespondingSourceObject: {fileID: 0}
  m_PrefabInstance: {fileID: 0}
  m_PrefabAsset: {fileID: 0}
  m_GameObject: {fileID: 1476205136069594795}
  m_LocalRotation: {x: 0, y: 0, z: 0, w: 1}
  m_LocalPosition: {x: 0, y: 0, z: 0}
  m_LocalScale: {x: 1, y: 1, z: 1}
  m_Children:
  - {fileID: 1454582903018937476}
  - {fileID: 5642806440783343124}
  m_Father: {fileID: 0}
  m_RootOrder: 0
  m_LocalEulerAnglesHint: {x: 0, y: 0, z: 0}
--- !u!114 &9021032465191014496
MonoBehaviour:
  m_ObjectHideFlags: 0
  m_CorrespondingSourceObject: {fileID: 0}
  m_PrefabInstance: {fileID: 0}
  m_PrefabAsset: {fileID: 0}
  m_GameObject: {fileID: 1476205136069594795}
  m_Enabled: 1
  m_EditorHideFlags: 0
  m_Script: {fileID: 11500000, guid: 61cfbd4612a04c569ab2bc8d923982e4, type: 3}
  m_Name: 
  m_EditorClassIdentifier: 
  BaseLevelAnchor: {fileID: 1454582903018937476}
  Id: bd9566053780dfa46993c8bac9782d47
  Event: 20
  Materials:
  - Scheme: {fileID: 11400000, guid: 88ad2ea20ebf06140a9b641d4ae31d52, type: 2}
    Material: {fileID: 2100000, guid: 86dd34ed13ab5514183e8bb69b7b8018, type: 2}
  - Scheme: {fileID: 11400000, guid: 2572bf4aac14e1641b377282f44b9ea2, type: 2}
    Material: {fileID: 2100000, guid: 721fe1c356313f148864d5a418c12a6a, type: 2}
--- !u!1 &2249044510832723378
GameObject:
  m_ObjectHideFlags: 0
  m_CorrespondingSourceObject: {fileID: 0}
  m_PrefabInstance: {fileID: 0}
  m_PrefabAsset: {fileID: 0}
  serializedVersion: 6
  m_Component:
  - component: {fileID: 1187271129384123928}
  - component: {fileID: 5763554959323718103}
  - component: {fileID: 7080670716828116219}
  - component: {fileID: 4026517749425333016}
  - component: {fileID: 3216664709586548412}
  m_Layer: 0
  m_Name: I6_Piston_1
  m_TagString: Untagged
  m_Icon: {fileID: 0}
  m_NavMeshLayer: 0
  m_StaticEditorFlags: 0
  m_IsActive: 1
--- !u!4 &1187271129384123928
Transform:
  m_ObjectHideFlags: 0
  m_CorrespondingSourceObject: {fileID: 0}
  m_PrefabInstance: {fileID: 0}
  m_PrefabAsset: {fileID: 0}
  m_GameObject: {fileID: 2249044510832723378}
  m_LocalRotation: {x: -0.7071069, y: -0.000000014901161, z: 0.000000007450581, w: 0.70710677}
  m_LocalPosition: {x: -0.000002861023, y: 2.6136436, z: -0.004937172}
  m_LocalScale: {x: 92.187515, y: 92.187485, z: 92.1875}
  m_Children: []
  m_Father: {fileID: 5642806440783343124}
  m_RootOrder: 5
  m_LocalEulerAnglesHint: {x: 0, y: 0, z: 0}
--- !u!33 &5763554959323718103
MeshFilter:
  m_ObjectHideFlags: 0
  m_CorrespondingSourceObject: {fileID: 0}
  m_PrefabInstance: {fileID: 0}
  m_PrefabAsset: {fileID: 0}
  m_GameObject: {fileID: 2249044510832723378}
  m_Mesh: {fileID: 2066794991865204569, guid: 3d3e3f91d4823174ba6aa45666ebdb48, type: 3}
--- !u!23 &7080670716828116219
MeshRenderer:
  m_ObjectHideFlags: 0
  m_CorrespondingSourceObject: {fileID: 0}
  m_PrefabInstance: {fileID: 0}
  m_PrefabAsset: {fileID: 0}
  m_GameObject: {fileID: 2249044510832723378}
  m_Enabled: 1
  m_CastShadows: 1
  m_ReceiveShadows: 1
  m_DynamicOccludee: 1
  m_MotionVectors: 1
  m_LightProbeUsage: 1
  m_ReflectionProbeUsage: 1
  m_RayTracingMode: 2
  m_RayTraceProcedural: 0
  m_RenderingLayerMask: 1
  m_RendererPriority: 0
  m_Materials:
  - {fileID: 2100000, guid: 86dd34ed13ab5514183e8bb69b7b8018, type: 2}
  m_StaticBatchInfo:
    firstSubMesh: 0
    subMeshCount: 0
  m_StaticBatchRoot: {fileID: 0}
  m_ProbeAnchor: {fileID: 0}
  m_LightProbeVolumeOverride: {fileID: 0}
  m_ScaleInLightmap: 1
  m_ReceiveGI: 1
  m_PreserveUVs: 0
  m_IgnoreNormalsForChartDetection: 0
  m_ImportantGI: 0
  m_StitchLightmapSeams: 1
  m_SelectedEditorRenderState: 3
  m_MinimumChartSize: 4
  m_AutoUVMaxDistance: 0.5
  m_AutoUVMaxAngle: 89
  m_LightmapParameters: {fileID: 0}
  m_SortingLayerID: 0
  m_SortingLayer: 0
  m_SortingOrder: 0
  m_AdditionalVertexStreams: {fileID: 0}
--- !u!114 &4026517749425333016
MonoBehaviour:
  m_ObjectHideFlags: 0
  m_CorrespondingSourceObject: {fileID: 0}
  m_PrefabInstance: {fileID: 0}
  m_PrefabAsset: {fileID: 0}
  m_GameObject: {fileID: 2249044510832723378}
  m_Enabled: 1
  m_EditorHideFlags: 0
  m_Script: {fileID: 11500000, guid: 04bc1a2ad9de48179fd3be8e6e14cbb4, type: 3}
  m_Name: 
  m_EditorClassIdentifier: 
  IconPrefab: {fileID: 1162733181702567690, guid: 24d79c85f6889e94091e0760f58af675,
    type: 3}
  PinPoint: {fileID: 0}
  AdditionalRenderers: []
  SortingPriorityInPanel: 0
--- !u!114 &3216664709586548412
MonoBehaviour:
  m_ObjectHideFlags: 0
  m_CorrespondingSourceObject: {fileID: 0}
  m_PrefabInstance: {fileID: 0}
  m_PrefabAsset: {fileID: 0}
  m_GameObject: {fileID: 2249044510832723378}
  m_Enabled: 1
  m_EditorHideFlags: 0
  m_Script: {fileID: 11500000, guid: 94533d393af94a6eb9ecc57d5b1dec63, type: 3}
  m_Name: 
  m_EditorClassIdentifier: 
  UniqueId: ed3bc1c0cd5836d408f17efc6e2169f7
  UnchangableMaterial: {fileID: 0}
--- !u!1 &2685907519806573067
GameObject:
  m_ObjectHideFlags: 0
  m_CorrespondingSourceObject: {fileID: 0}
  m_PrefabInstance: {fileID: 0}
  m_PrefabAsset: {fileID: 0}
  serializedVersion: 6
  m_Component:
  - component: {fileID: 6486136769369108137}
  - component: {fileID: 1241421358802720082}
  - component: {fileID: 7747841835912434195}
  - component: {fileID: 7912558252231747191}
  - component: {fileID: 8549264097594899742}
  - component: {fileID: 913556653477630640}
  m_Layer: 0
  m_Name: I6_Base_in_2
  m_TagString: Untagged
  m_Icon: {fileID: 0}
  m_NavMeshLayer: 0
  m_StaticEditorFlags: 0
  m_IsActive: 1
--- !u!4 &6486136769369108137
Transform:
  m_ObjectHideFlags: 0
  m_CorrespondingSourceObject: {fileID: 0}
  m_PrefabInstance: {fileID: 0}
  m_PrefabAsset: {fileID: 0}
  m_GameObject: {fileID: 2685907519806573067}
  m_LocalRotation: {x: -0.7071069, y: -0.000000014901161, z: 0.000000007450581, w: 0.70710677}
  m_LocalPosition: {x: 0, y: 2.6522503, z: -0.26921558}
  m_LocalScale: {x: 100, y: 99.99998, z: 99.99999}
  m_Children: []
  m_Father: {fileID: 5642806440783343124}
  m_RootOrder: 2
  m_LocalEulerAnglesHint: {x: 0, y: 0, z: 0}
--- !u!33 &1241421358802720082
MeshFilter:
  m_ObjectHideFlags: 0
  m_CorrespondingSourceObject: {fileID: 0}
  m_PrefabInstance: {fileID: 0}
  m_PrefabAsset: {fileID: 0}
  m_GameObject: {fileID: 2685907519806573067}
  m_Mesh: {fileID: 7647743629140682912, guid: 3d3e3f91d4823174ba6aa45666ebdb48, type: 3}
--- !u!23 &7747841835912434195
MeshRenderer:
  m_ObjectHideFlags: 0
  m_CorrespondingSourceObject: {fileID: 0}
  m_PrefabInstance: {fileID: 0}
  m_PrefabAsset: {fileID: 0}
  m_GameObject: {fileID: 2685907519806573067}
  m_Enabled: 1
  m_CastShadows: 1
  m_ReceiveShadows: 1
  m_DynamicOccludee: 1
  m_MotionVectors: 1
  m_LightProbeUsage: 1
  m_ReflectionProbeUsage: 1
  m_RayTracingMode: 2
  m_RayTraceProcedural: 0
  m_RenderingLayerMask: 1
  m_RendererPriority: 0
  m_Materials:
  - {fileID: 2100000, guid: 86dd34ed13ab5514183e8bb69b7b8018, type: 2}
  m_StaticBatchInfo:
    firstSubMesh: 0
    subMeshCount: 0
  m_StaticBatchRoot: {fileID: 0}
  m_ProbeAnchor: {fileID: 0}
  m_LightProbeVolumeOverride: {fileID: 0}
  m_ScaleInLightmap: 1
  m_ReceiveGI: 1
  m_PreserveUVs: 0
  m_IgnoreNormalsForChartDetection: 0
  m_ImportantGI: 0
  m_StitchLightmapSeams: 1
  m_SelectedEditorRenderState: 3
  m_MinimumChartSize: 4
  m_AutoUVMaxDistance: 0.5
  m_AutoUVMaxAngle: 89
  m_LightmapParameters: {fileID: 0}
  m_SortingLayerID: 0
  m_SortingLayer: 0
  m_SortingOrder: 0
  m_AdditionalVertexStreams: {fileID: 0}
--- !u!114 &7912558252231747191
MonoBehaviour:
  m_ObjectHideFlags: 0
  m_CorrespondingSourceObject: {fileID: 0}
  m_PrefabInstance: {fileID: 0}
  m_PrefabAsset: {fileID: 0}
  m_GameObject: {fileID: 2685907519806573067}
  m_Enabled: 1
  m_EditorHideFlags: 0
  m_Script: {fileID: 11500000, guid: 04bc1a2ad9de48179fd3be8e6e14cbb4, type: 3}
  m_Name: 
  m_EditorClassIdentifier: 
  IconPrefab: {fileID: 5948842213046035528, guid: 92e7a18d15b157a4b866e13c561e6209,
    type: 3}
  PinPoint: {fileID: 0}
  AdditionalRenderers: []
  SortingPriorityInPanel: 0
--- !u!114 &8549264097594899742
MonoBehaviour:
  m_ObjectHideFlags: 0
  m_CorrespondingSourceObject: {fileID: 0}
  m_PrefabInstance: {fileID: 0}
  m_PrefabAsset: {fileID: 0}
  m_GameObject: {fileID: 2685907519806573067}
  m_Enabled: 1
  m_EditorHideFlags: 0
  m_Script: {fileID: 11500000, guid: 94533d393af94a6eb9ecc57d5b1dec63, type: 3}
  m_Name: 
  m_EditorClassIdentifier: 
  UniqueId: d48861fee4f89f947b72ba46d7d248b9
  UnchangableMaterial: {fileID: 0}
--- !u!114 &913556653477630640
MonoBehaviour:
  m_ObjectHideFlags: 0
  m_CorrespondingSourceObject: {fileID: 0}
  m_PrefabInstance: {fileID: 0}
  m_PrefabAsset: {fileID: 0}
  m_GameObject: {fileID: 2685907519806573067}
  m_Enabled: 1
  m_EditorHideFlags: 0
  m_Script: {fileID: 11500000, guid: 79b7b8eaca8044b7bc4562668bc8851d, type: 3}
  m_Name: 
  m_EditorClassIdentifier: 
  StackId: 5
--- !u!1 &3077325267646200085
GameObject:
  m_ObjectHideFlags: 0
  m_CorrespondingSourceObject: {fileID: 0}
  m_PrefabInstance: {fileID: 0}
  m_PrefabAsset: {fileID: 0}
  serializedVersion: 6
  m_Component:
  - component: {fileID: 1254979329575644290}
  - component: {fileID: 1079911558287090950}
  - component: {fileID: 3805039262875566652}
  - component: {fileID: 689105896918717746}
  - component: {fileID: 6359001019594600360}
  - component: {fileID: 7416813057405241169}
  m_Layer: 0
  m_Name: I6_Base_out_1
  m_TagString: Untagged
  m_Icon: {fileID: 0}
  m_NavMeshLayer: 0
  m_StaticEditorFlags: 0
  m_IsActive: 1
--- !u!4 &1254979329575644290
Transform:
  m_ObjectHideFlags: 0
  m_CorrespondingSourceObject: {fileID: 0}
  m_PrefabInstance: {fileID: 0}
  m_PrefabAsset: {fileID: 0}
  m_GameObject: {fileID: 3077325267646200085}
  m_LocalRotation: {x: -0.7071069, y: -0.000000014901161, z: 0.000000007450581, w: 0.70710677}
  m_LocalPosition: {x: -0.0000009536743, y: 2.5015764, z: 0.46516705}
  m_LocalScale: {x: 100, y: 99.99998, z: 99.99999}
  m_Children: []
  m_Father: {fileID: 5642806440783343124}
  m_RootOrder: 3
  m_LocalEulerAnglesHint: {x: 0, y: 0, z: 0}
--- !u!33 &1079911558287090950
MeshFilter:
  m_ObjectHideFlags: 0
  m_CorrespondingSourceObject: {fileID: 0}
  m_PrefabInstance: {fileID: 0}
  m_PrefabAsset: {fileID: 0}
  m_GameObject: {fileID: 3077325267646200085}
  m_Mesh: {fileID: 7132059114032164774, guid: 3d3e3f91d4823174ba6aa45666ebdb48, type: 3}
--- !u!23 &3805039262875566652
MeshRenderer:
  m_ObjectHideFlags: 0
  m_CorrespondingSourceObject: {fileID: 0}
  m_PrefabInstance: {fileID: 0}
  m_PrefabAsset: {fileID: 0}
  m_GameObject: {fileID: 3077325267646200085}
  m_Enabled: 1
  m_CastShadows: 1
  m_ReceiveShadows: 1
  m_DynamicOccludee: 1
  m_MotionVectors: 1
  m_LightProbeUsage: 1
  m_ReflectionProbeUsage: 1
  m_RayTracingMode: 2
  m_RayTraceProcedural: 0
  m_RenderingLayerMask: 1
  m_RendererPriority: 0
  m_Materials:
  - {fileID: 2100000, guid: 86dd34ed13ab5514183e8bb69b7b8018, type: 2}
  m_StaticBatchInfo:
    firstSubMesh: 0
    subMeshCount: 0
  m_StaticBatchRoot: {fileID: 0}
  m_ProbeAnchor: {fileID: 0}
  m_LightProbeVolumeOverride: {fileID: 0}
  m_ScaleInLightmap: 1
  m_ReceiveGI: 1
  m_PreserveUVs: 0
  m_IgnoreNormalsForChartDetection: 0
  m_ImportantGI: 0
  m_StitchLightmapSeams: 1
  m_SelectedEditorRenderState: 3
  m_MinimumChartSize: 4
  m_AutoUVMaxDistance: 0.5
  m_AutoUVMaxAngle: 89
  m_LightmapParameters: {fileID: 0}
  m_SortingLayerID: 0
  m_SortingLayer: 0
  m_SortingOrder: 0
  m_AdditionalVertexStreams: {fileID: 0}
--- !u!114 &689105896918717746
MonoBehaviour:
  m_ObjectHideFlags: 0
  m_CorrespondingSourceObject: {fileID: 0}
  m_PrefabInstance: {fileID: 0}
  m_PrefabAsset: {fileID: 0}
  m_GameObject: {fileID: 3077325267646200085}
  m_Enabled: 1
  m_EditorHideFlags: 0
  m_Script: {fileID: 11500000, guid: 04bc1a2ad9de48179fd3be8e6e14cbb4, type: 3}
  m_Name: 
  m_EditorClassIdentifier: 
  IconPrefab: {fileID: 3478417095716744584, guid: 5d28f3701b5bd1145ae7c7a64cefff4b,
    type: 3}
  PinPoint: {fileID: 0}
  AdditionalRenderers: []
  SortingPriorityInPanel: 0
--- !u!114 &6359001019594600360
MonoBehaviour:
  m_ObjectHideFlags: 0
  m_CorrespondingSourceObject: {fileID: 0}
  m_PrefabInstance: {fileID: 0}
  m_PrefabAsset: {fileID: 0}
  m_GameObject: {fileID: 3077325267646200085}
  m_Enabled: 1
  m_EditorHideFlags: 0
  m_Script: {fileID: 11500000, guid: 94533d393af94a6eb9ecc57d5b1dec63, type: 3}
  m_Name: 
  m_EditorClassIdentifier: 
  UniqueId: 6a8d7c6dca30f6643b76ff0b9cfc4ae3
  UnchangableMaterial: {fileID: 0}
--- !u!114 &7416813057405241169
MonoBehaviour:
  m_ObjectHideFlags: 0
  m_CorrespondingSourceObject: {fileID: 0}
  m_PrefabInstance: {fileID: 0}
  m_PrefabAsset: {fileID: 0}
  m_GameObject: {fileID: 3077325267646200085}
  m_Enabled: 1
  m_EditorHideFlags: 0
  m_Script: {fileID: 11500000, guid: 79b7b8eaca8044b7bc4562668bc8851d, type: 3}
  m_Name: 
  m_EditorClassIdentifier: 
  StackId: 1
--- !u!1 &3323634544971833023
GameObject:
  m_ObjectHideFlags: 0
  m_CorrespondingSourceObject: {fileID: 0}
  m_PrefabInstance: {fileID: 0}
  m_PrefabAsset: {fileID: 0}
  serializedVersion: 6
  m_Component:
  - component: {fileID: 1454582903018937476}
  m_Layer: 0
  m_Name: Anchor
  m_TagString: Untagged
  m_Icon: {fileID: 0}
  m_NavMeshLayer: 0
  m_StaticEditorFlags: 0
  m_IsActive: 1
--- !u!4 &1454582903018937476
Transform:
  m_ObjectHideFlags: 0
  m_CorrespondingSourceObject: {fileID: 0}
  m_PrefabInstance: {fileID: 0}
  m_PrefabAsset: {fileID: 0}
  m_GameObject: {fileID: 3323634544971833023}
  m_LocalRotation: {x: -0, y: -0, z: -0, w: 1}
  m_LocalPosition: {x: 0, y: 3, z: 0}
  m_LocalScale: {x: 1, y: 1, z: 1}
  m_Children: []
  m_Father: {fileID: 6478354160704580939}
  m_RootOrder: 0
  m_LocalEulerAnglesHint: {x: 0, y: 0, z: 0}
--- !u!1 &3604505064976142463
GameObject:
  m_ObjectHideFlags: 0
  m_CorrespondingSourceObject: {fileID: 0}
  m_PrefabInstance: {fileID: 0}
  m_PrefabAsset: {fileID: 0}
  serializedVersion: 6
  m_Component:
  - component: {fileID: 7315183564517267035}
  - component: {fileID: 8108695737918778418}
  - component: {fileID: 4949597991401373473}
  - component: {fileID: 7728485452258594509}
  - component: {fileID: 8363750826644543253}
  - component: {fileID: 7883635325542715877}
  m_Layer: 0
  m_Name: I6_Base_out_2
  m_TagString: Untagged
  m_Icon: {fileID: 0}
  m_NavMeshLayer: 0
  m_StaticEditorFlags: 0
  m_IsActive: 1
--- !u!4 &7315183564517267035
Transform:
  m_ObjectHideFlags: 0
  m_CorrespondingSourceObject: {fileID: 0}
  m_PrefabInstance: {fileID: 0}
  m_PrefabAsset: {fileID: 0}
  m_GameObject: {fileID: 3604505064976142463}
  m_LocalRotation: {x: -0.7071069, y: -0.000000014901161, z: 0.000000007450581, w: 0.70710677}
  m_LocalPosition: {x: -0.000002861023, y: 2.5015755, z: -0.4750204}
  m_LocalScale: {x: 100, y: 99.99998, z: 99.99999}
  m_Children: []
  m_Father: {fileID: 5642806440783343124}
  m_RootOrder: 4
  m_LocalEulerAnglesHint: {x: 0, y: 0, z: 0}
--- !u!33 &8108695737918778418
MeshFilter:
  m_ObjectHideFlags: 0
  m_CorrespondingSourceObject: {fileID: 0}
  m_PrefabInstance: {fileID: 0}
  m_PrefabAsset: {fileID: 0}
  m_GameObject: {fileID: 3604505064976142463}
  m_Mesh: {fileID: -5275049176259426338, guid: 3d3e3f91d4823174ba6aa45666ebdb48, type: 3}
--- !u!23 &4949597991401373473
MeshRenderer:
  m_ObjectHideFlags: 0
  m_CorrespondingSourceObject: {fileID: 0}
  m_PrefabInstance: {fileID: 0}
  m_PrefabAsset: {fileID: 0}
  m_GameObject: {fileID: 3604505064976142463}
  m_Enabled: 1
  m_CastShadows: 1
  m_ReceiveShadows: 1
  m_DynamicOccludee: 1
  m_MotionVectors: 1
  m_LightProbeUsage: 1
  m_ReflectionProbeUsage: 1
  m_RayTracingMode: 2
  m_RayTraceProcedural: 0
  m_RenderingLayerMask: 1
  m_RendererPriority: 0
  m_Materials:
  - {fileID: 2100000, guid: 86dd34ed13ab5514183e8bb69b7b8018, type: 2}
  m_StaticBatchInfo:
    firstSubMesh: 0
    subMeshCount: 0
  m_StaticBatchRoot: {fileID: 0}
  m_ProbeAnchor: {fileID: 0}
  m_LightProbeVolumeOverride: {fileID: 0}
  m_ScaleInLightmap: 1
  m_ReceiveGI: 1
  m_PreserveUVs: 0
  m_IgnoreNormalsForChartDetection: 0
  m_ImportantGI: 0
  m_StitchLightmapSeams: 1
  m_SelectedEditorRenderState: 3
  m_MinimumChartSize: 4
  m_AutoUVMaxDistance: 0.5
  m_AutoUVMaxAngle: 89
  m_LightmapParameters: {fileID: 0}
  m_SortingLayerID: 0
  m_SortingLayer: 0
  m_SortingOrder: 0
  m_AdditionalVertexStreams: {fileID: 0}
--- !u!114 &7728485452258594509
MonoBehaviour:
  m_ObjectHideFlags: 0
  m_CorrespondingSourceObject: {fileID: 0}
  m_PrefabInstance: {fileID: 0}
  m_PrefabAsset: {fileID: 0}
  m_GameObject: {fileID: 3604505064976142463}
  m_Enabled: 1
  m_EditorHideFlags: 0
  m_Script: {fileID: 11500000, guid: 04bc1a2ad9de48179fd3be8e6e14cbb4, type: 3}
  m_Name: 
  m_EditorClassIdentifier: 
  IconPrefab: {fileID: 2593766047442096109, guid: 21f05628e8b04414da602575365c500d,
    type: 3}
  PinPoint: {fileID: 0}
  AdditionalRenderers: []
  SortingPriorityInPanel: 0
--- !u!114 &8363750826644543253
MonoBehaviour:
  m_ObjectHideFlags: 0
  m_CorrespondingSourceObject: {fileID: 0}
  m_PrefabInstance: {fileID: 0}
  m_PrefabAsset: {fileID: 0}
  m_GameObject: {fileID: 3604505064976142463}
  m_Enabled: 1
  m_EditorHideFlags: 0
  m_Script: {fileID: 11500000, guid: 94533d393af94a6eb9ecc57d5b1dec63, type: 3}
  m_Name: 
  m_EditorClassIdentifier: 
  UniqueId: 2e0f73fbfdff236419c43af17a992475
  UnchangableMaterial: {fileID: 0}
--- !u!114 &7883635325542715877
MonoBehaviour:
  m_ObjectHideFlags: 0
  m_CorrespondingSourceObject: {fileID: 0}
  m_PrefabInstance: {fileID: 0}
  m_PrefabAsset: {fileID: 0}
  m_GameObject: {fileID: 3604505064976142463}
  m_Enabled: 1
  m_EditorHideFlags: 0
  m_Script: {fileID: 11500000, guid: 79b7b8eaca8044b7bc4562668bc8851d, type: 3}
  m_Name: 
  m_EditorClassIdentifier: 
  StackId: 1
--- !u!1 &3727635953261439332
GameObject:
  m_ObjectHideFlags: 0
  m_CorrespondingSourceObject: {fileID: 0}
  m_PrefabInstance: {fileID: 0}
  m_PrefabAsset: {fileID: 0}
  serializedVersion: 6
  m_Component:
  - component: {fileID: 2043968576261021236}
  - component: {fileID: 6642929175033986721}
  - component: {fileID: 6043420078669362278}
  - component: {fileID: 6963906829395754085}
  m_Layer: 0
  m_Name: I6_Stand
  m_TagString: Untagged
  m_Icon: {fileID: 0}
  m_NavMeshLayer: 0
  m_StaticEditorFlags: 0
  m_IsActive: 1
--- !u!4 &2043968576261021236
Transform:
  m_ObjectHideFlags: 0
  m_CorrespondingSourceObject: {fileID: 0}
  m_PrefabInstance: {fileID: 0}
  m_PrefabAsset: {fileID: 0}
  m_GameObject: {fileID: 3727635953261439332}
  m_LocalRotation: {x: -0.7071068, y: 0, z: -0, w: 0.7071067}
  m_LocalPosition: {x: 0.001165539, y: 1.1937895, z: -0.0014333911}
  m_LocalScale: {x: 100, y: 100, z: 100}
  m_Children: []
  m_Father: {fileID: 5642806440783343124}
  m_RootOrder: 14
  m_LocalEulerAnglesHint: {x: 0, y: 0, z: 0}
--- !u!33 &6642929175033986721
MeshFilter:
  m_ObjectHideFlags: 0
  m_CorrespondingSourceObject: {fileID: 0}
  m_PrefabInstance: {fileID: 0}
  m_PrefabAsset: {fileID: 0}
  m_GameObject: {fileID: 3727635953261439332}
  m_Mesh: {fileID: -6264562691483363528, guid: 3d3e3f91d4823174ba6aa45666ebdb48, type: 3}
--- !u!23 &6043420078669362278
MeshRenderer:
  m_ObjectHideFlags: 0
  m_CorrespondingSourceObject: {fileID: 0}
  m_PrefabInstance: {fileID: 0}
  m_PrefabAsset: {fileID: 0}
  m_GameObject: {fileID: 3727635953261439332}
  m_Enabled: 1
  m_CastShadows: 1
  m_ReceiveShadows: 1
  m_DynamicOccludee: 1
  m_MotionVectors: 1
  m_LightProbeUsage: 1
  m_ReflectionProbeUsage: 1
  m_RayTracingMode: 2
  m_RayTraceProcedural: 0
  m_RenderingLayerMask: 1
  m_RendererPriority: 0
  m_Materials:
  - {fileID: 2100000, guid: cea66b4af496824408ddc3310d8db156, type: 2}
  m_StaticBatchInfo:
    firstSubMesh: 0
    subMeshCount: 0
  m_StaticBatchRoot: {fileID: 0}
  m_ProbeAnchor: {fileID: 0}
  m_LightProbeVolumeOverride: {fileID: 0}
  m_ScaleInLightmap: 1
  m_ReceiveGI: 1
  m_PreserveUVs: 0
  m_IgnoreNormalsForChartDetection: 0
  m_ImportantGI: 0
  m_StitchLightmapSeams: 1
  m_SelectedEditorRenderState: 3
  m_MinimumChartSize: 4
  m_AutoUVMaxDistance: 0.5
  m_AutoUVMaxAngle: 89
  m_LightmapParameters: {fileID: 0}
  m_SortingLayerID: 0
  m_SortingLayer: 0
  m_SortingOrder: 0
  m_AdditionalVertexStreams: {fileID: 0}
--- !u!114 &6963906829395754085
MonoBehaviour:
  m_ObjectHideFlags: 0
  m_CorrespondingSourceObject: {fileID: 0}
  m_PrefabInstance: {fileID: 0}
  m_PrefabAsset: {fileID: 0}
  m_GameObject: {fileID: 3727635953261439332}
  m_Enabled: 1
  m_EditorHideFlags: 0
  m_Script: {fileID: 11500000, guid: a7333d57c9b37414dbd9bb1e5bf1b216, type: 3}
  m_Name: 
  m_EditorClassIdentifier: 
--- !u!1 &3929248383165371098
GameObject:
  m_ObjectHideFlags: 0
  m_CorrespondingSourceObject: {fileID: 0}
  m_PrefabInstance: {fileID: 0}
  m_PrefabAsset: {fileID: 0}
  serializedVersion: 6
  m_Component:
  - component: {fileID: 4030527570644883666}
  - component: {fileID: 2593898750227837053}
  - component: {fileID: 7120516435867076847}
  - component: {fileID: 21108105269654501}
  - component: {fileID: 5848150954525524177}
  - component: {fileID: 4744666029815030122}
  m_Layer: 0
  m_Name: I6_Ramp_holder_L
  m_TagString: Untagged
  m_Icon: {fileID: 0}
  m_NavMeshLayer: 0
  m_StaticEditorFlags: 0
  m_IsActive: 1
--- !u!4 &4030527570644883666
Transform:
  m_ObjectHideFlags: 0
  m_CorrespondingSourceObject: {fileID: 0}
  m_PrefabInstance: {fileID: 0}
  m_PrefabAsset: {fileID: 0}
  m_GameObject: {fileID: 3929248383165371098}
  m_LocalRotation: {x: -0, y: -0, z: 0.7071069, w: 0.70710677}
  m_LocalPosition: {x: 0.5847664, y: 2.6878862, z: -0.004450798}
  m_LocalScale: {x: 100, y: 99.999985, z: 100}
  m_Children: []
  m_Father: {fileID: 5642806440783343124}
  m_RootOrder: 9
  m_LocalEulerAnglesHint: {x: 0, y: 0, z: 0}
--- !u!33 &2593898750227837053
MeshFilter:
  m_ObjectHideFlags: 0
  m_CorrespondingSourceObject: {fileID: 0}
  m_PrefabInstance: {fileID: 0}
  m_PrefabAsset: {fileID: 0}
  m_GameObject: {fileID: 3929248383165371098}
  m_Mesh: {fileID: -1148484022925293924, guid: 3d3e3f91d4823174ba6aa45666ebdb48, type: 3}
--- !u!23 &7120516435867076847
MeshRenderer:
  m_ObjectHideFlags: 0
  m_CorrespondingSourceObject: {fileID: 0}
  m_PrefabInstance: {fileID: 0}
  m_PrefabAsset: {fileID: 0}
  m_GameObject: {fileID: 3929248383165371098}
  m_Enabled: 1
  m_CastShadows: 1
  m_ReceiveShadows: 1
  m_DynamicOccludee: 1
  m_MotionVectors: 1
  m_LightProbeUsage: 1
  m_ReflectionProbeUsage: 1
  m_RayTracingMode: 2
  m_RayTraceProcedural: 0
  m_RenderingLayerMask: 1
  m_RendererPriority: 0
  m_Materials:
  - {fileID: 2100000, guid: 86dd34ed13ab5514183e8bb69b7b8018, type: 2}
  m_StaticBatchInfo:
    firstSubMesh: 0
    subMeshCount: 0
  m_StaticBatchRoot: {fileID: 0}
  m_ProbeAnchor: {fileID: 0}
  m_LightProbeVolumeOverride: {fileID: 0}
  m_ScaleInLightmap: 1
  m_ReceiveGI: 1
  m_PreserveUVs: 0
  m_IgnoreNormalsForChartDetection: 0
  m_ImportantGI: 0
  m_StitchLightmapSeams: 1
  m_SelectedEditorRenderState: 3
  m_MinimumChartSize: 4
  m_AutoUVMaxDistance: 0.5
  m_AutoUVMaxAngle: 89
  m_LightmapParameters: {fileID: 0}
  m_SortingLayerID: 0
  m_SortingLayer: 0
  m_SortingOrder: 0
  m_AdditionalVertexStreams: {fileID: 0}
--- !u!114 &21108105269654501
MonoBehaviour:
  m_ObjectHideFlags: 0
  m_CorrespondingSourceObject: {fileID: 0}
  m_PrefabInstance: {fileID: 0}
  m_PrefabAsset: {fileID: 0}
  m_GameObject: {fileID: 3929248383165371098}
  m_Enabled: 1
  m_EditorHideFlags: 0
  m_Script: {fileID: 11500000, guid: 04bc1a2ad9de48179fd3be8e6e14cbb4, type: 3}
  m_Name: 
  m_EditorClassIdentifier: 
  IconPrefab: {fileID: 5376004934224111842, guid: 70f26a68ee0865f47a67ba4bcfa497d7,
    type: 3}
  PinPoint: {fileID: 0}
  AdditionalRenderers: []
  SortingPriorityInPanel: 0
--- !u!114 &5848150954525524177
MonoBehaviour:
  m_ObjectHideFlags: 0
  m_CorrespondingSourceObject: {fileID: 0}
  m_PrefabInstance: {fileID: 0}
  m_PrefabAsset: {fileID: 0}
  m_GameObject: {fileID: 3929248383165371098}
  m_Enabled: 1
  m_EditorHideFlags: 0
  m_Script: {fileID: 11500000, guid: 94533d393af94a6eb9ecc57d5b1dec63, type: 3}
  m_Name: 
  m_EditorClassIdentifier: 
  UniqueId: 6b619f73c67b74149873059bee95a332
  UnchangableMaterial: {fileID: 0}
--- !u!114 &4744666029815030122
MonoBehaviour:
  m_ObjectHideFlags: 0
  m_CorrespondingSourceObject: {fileID: 0}
  m_PrefabInstance: {fileID: 0}
  m_PrefabAsset: {fileID: 0}
  m_GameObject: {fileID: 3929248383165371098}
  m_Enabled: 1
  m_EditorHideFlags: 0
  m_Script: {fileID: 11500000, guid: 79b7b8eaca8044b7bc4562668bc8851d, type: 3}
  m_Name: 
  m_EditorClassIdentifier: 
  StackId: 3
--- !u!1 &4973264965686080686
GameObject:
  m_ObjectHideFlags: 0
  m_CorrespondingSourceObject: {fileID: 0}
  m_PrefabInstance: {fileID: 0}
  m_PrefabAsset: {fileID: 0}
  serializedVersion: 6
  m_Component:
  - component: {fileID: 5642806440783343124}
  - component: {fileID: 6909171243097670982}
  m_Layer: 0
  m_Name: I6
  m_TagString: Untagged
  m_Icon: {fileID: 0}
  m_NavMeshLayer: 0
  m_StaticEditorFlags: 0
  m_IsActive: 1
--- !u!4 &5642806440783343124
Transform:
  m_ObjectHideFlags: 0
  m_CorrespondingSourceObject: {fileID: 0}
  m_PrefabInstance: {fileID: 0}
  m_PrefabAsset: {fileID: 0}
  m_GameObject: {fileID: 4973264965686080686}
  m_LocalRotation: {x: -0, y: -0, z: -0, w: 1}
  m_LocalPosition: {x: 0, y: 0, z: 0}
  m_LocalScale: {x: 1, y: 1, z: 1}
  m_Children:
  - {fileID: 7477538541025637535}
  - {fileID: 4534436547740421775}
  - {fileID: 6486136769369108137}
  - {fileID: 1254979329575644290}
  - {fileID: 7315183564517267035}
  - {fileID: 1187271129384123928}
  - {fileID: 2991527839269665017}
  - {fileID: 2018890814637389561}
  - {fileID: 1901991144106836699}
  - {fileID: 4030527570644883666}
  - {fileID: 5903905375085198104}
  - {fileID: 3672946066115743901}
  - {fileID: 4247382046194570093}
  - {fileID: 2757079855539875881}
  - {fileID: 2043968576261021236}
  - {fileID: 3176424753811679934}
  m_Father: {fileID: 6478354160704580939}
  m_RootOrder: 1
  m_LocalEulerAnglesHint: {x: 0, y: 0, z: 0}
--- !u!95 &6909171243097670982
Animator:
  serializedVersion: 3
  m_ObjectHideFlags: 0
  m_CorrespondingSourceObject: {fileID: 0}
  m_PrefabInstance: {fileID: 0}
  m_PrefabAsset: {fileID: 0}
  m_GameObject: {fileID: 4973264965686080686}
  m_Enabled: 1
  m_Avatar: {fileID: 0}
  m_Controller: {fileID: 9100000, guid: d1858f083c0ad0c4cb45d913c2f75837, type: 2}
  m_CullingMode: 0
  m_UpdateMode: 0
  m_ApplyRootMotion: 0
  m_LinearVelocityBlending: 0
  m_WarningMessage: 
  m_HasTransformHierarchy: 1
  m_AllowConstantClipSamplingOptimization: 1
  m_KeepAnimatorControllerStateOnDisable: 0
--- !u!1 &5589960059207139053
GameObject:
  m_ObjectHideFlags: 0
  m_CorrespondingSourceObject: {fileID: 0}
  m_PrefabInstance: {fileID: 0}
  m_PrefabAsset: {fileID: 0}
  serializedVersion: 6
  m_Component:
  - component: {fileID: 4247382046194570093}
  - component: {fileID: 9036557855491715106}
  - component: {fileID: 7562286040084070402}
  - component: {fileID: 3622114893968315037}
  - component: {fileID: 240759972591837544}
  - component: {fileID: 240139143480844774}
  m_Layer: 0
  m_Name: I6_Ramp_R_1
  m_TagString: Untagged
  m_Icon: {fileID: 0}
  m_NavMeshLayer: 0
  m_StaticEditorFlags: 0
  m_IsActive: 1
--- !u!4 &4247382046194570093
Transform:
  m_ObjectHideFlags: 0
  m_CorrespondingSourceObject: {fileID: 0}
  m_PrefabInstance: {fileID: 0}
  m_PrefabAsset: {fileID: 0}
  m_GameObject: {fileID: 5589960059207139053}
  m_LocalRotation: {x: -0.5, y: -0.5, z: -0.49999994, w: 0.5000002}
  m_LocalPosition: {x: -0.74743366, y: 2.849081, z: -0.004450798}
  m_LocalScale: {x: 100, y: 100, z: 100}
  m_Children: []
  m_Father: {fileID: 5642806440783343124}
  m_RootOrder: 12
  m_LocalEulerAnglesHint: {x: 0, y: 0, z: 0}
--- !u!33 &9036557855491715106
MeshFilter:
  m_ObjectHideFlags: 0
  m_CorrespondingSourceObject: {fileID: 0}
  m_PrefabInstance: {fileID: 0}
  m_PrefabAsset: {fileID: 0}
  m_GameObject: {fileID: 5589960059207139053}
  m_Mesh: {fileID: 3418902391723644185, guid: 3d3e3f91d4823174ba6aa45666ebdb48, type: 3}
--- !u!23 &7562286040084070402
MeshRenderer:
  m_ObjectHideFlags: 0
  m_CorrespondingSourceObject: {fileID: 0}
  m_PrefabInstance: {fileID: 0}
  m_PrefabAsset: {fileID: 0}
  m_GameObject: {fileID: 5589960059207139053}
  m_Enabled: 1
  m_CastShadows: 1
  m_ReceiveShadows: 1
  m_DynamicOccludee: 1
  m_MotionVectors: 1
  m_LightProbeUsage: 1
  m_ReflectionProbeUsage: 1
  m_RayTracingMode: 2
  m_RayTraceProcedural: 0
  m_RenderingLayerMask: 1
  m_RendererPriority: 0
  m_Materials:
  - {fileID: 2100000, guid: 86dd34ed13ab5514183e8bb69b7b8018, type: 2}
  m_StaticBatchInfo:
    firstSubMesh: 0
    subMeshCount: 0
  m_StaticBatchRoot: {fileID: 0}
  m_ProbeAnchor: {fileID: 0}
  m_LightProbeVolumeOverride: {fileID: 0}
  m_ScaleInLightmap: 1
  m_ReceiveGI: 1
  m_PreserveUVs: 0
  m_IgnoreNormalsForChartDetection: 0
  m_ImportantGI: 0
  m_StitchLightmapSeams: 1
  m_SelectedEditorRenderState: 3
  m_MinimumChartSize: 4
  m_AutoUVMaxDistance: 0.5
  m_AutoUVMaxAngle: 89
  m_LightmapParameters: {fileID: 0}
  m_SortingLayerID: 0
  m_SortingLayer: 0
  m_SortingOrder: 0
  m_AdditionalVertexStreams: {fileID: 0}
--- !u!114 &3622114893968315037
MonoBehaviour:
  m_ObjectHideFlags: 0
  m_CorrespondingSourceObject: {fileID: 0}
  m_PrefabInstance: {fileID: 0}
  m_PrefabAsset: {fileID: 0}
  m_GameObject: {fileID: 5589960059207139053}
  m_Enabled: 1
  m_EditorHideFlags: 0
  m_Script: {fileID: 11500000, guid: 04bc1a2ad9de48179fd3be8e6e14cbb4, type: 3}
  m_Name: 
  m_EditorClassIdentifier: 
  IconPrefab: {fileID: 4303814558450155545, guid: 738ac68d95b91d940a560706fb199c23,
    type: 3}
  PinPoint: {fileID: 0}
  AdditionalRenderers: []
  SortingPriorityInPanel: 0
--- !u!114 &240759972591837544
MonoBehaviour:
  m_ObjectHideFlags: 0
  m_CorrespondingSourceObject: {fileID: 0}
  m_PrefabInstance: {fileID: 0}
  m_PrefabAsset: {fileID: 0}
  m_GameObject: {fileID: 5589960059207139053}
  m_Enabled: 1
  m_EditorHideFlags: 0
  m_Script: {fileID: 11500000, guid: 94533d393af94a6eb9ecc57d5b1dec63, type: 3}
  m_Name: 
  m_EditorClassIdentifier: 
  UniqueId: 592315c0cb5b65b4097ec90de5218890
  UnchangableMaterial: {fileID: 0}
--- !u!114 &240139143480844774
MonoBehaviour:
  m_ObjectHideFlags: 0
  m_CorrespondingSourceObject: {fileID: 0}
  m_PrefabInstance: {fileID: 0}
  m_PrefabAsset: {fileID: 0}
  m_GameObject: {fileID: 5589960059207139053}
  m_Enabled: 1
  m_EditorHideFlags: 0
  m_Script: {fileID: 11500000, guid: 79b7b8eaca8044b7bc4562668bc8851d, type: 3}
  m_Name: 
  m_EditorClassIdentifier: 
  StackId: 4
--- !u!1 &6263735875379905457
GameObject:
  m_ObjectHideFlags: 0
  m_CorrespondingSourceObject: {fileID: 0}
  m_PrefabInstance: {fileID: 0}
  m_PrefabAsset: {fileID: 0}
  serializedVersion: 6
  m_Component:
  - component: {fileID: 3176424753811679934}
  - component: {fileID: 8306651561655321346}
  - component: {fileID: 3011414235988520162}
  - component: {fileID: 2090379590056658958}
  m_Layer: 0
  m_Name: I6_Stand_lid
  m_TagString: Untagged
  m_Icon: {fileID: 0}
  m_NavMeshLayer: 0
  m_StaticEditorFlags: 0
  m_IsActive: 1
--- !u!4 &3176424753811679934
Transform:
  m_ObjectHideFlags: 0
  m_CorrespondingSourceObject: {fileID: 0}
  m_PrefabInstance: {fileID: 0}
  m_PrefabAsset: {fileID: 0}
  m_GameObject: {fileID: 6263735875379905457}
  m_LocalRotation: {x: -0.7071068, y: 0, z: -0, w: 0.7071067}
  m_LocalPosition: {x: 0.0011655465, y: 2.2921147, z: -0.0014333716}
  m_LocalScale: {x: 100, y: 100, z: 100}
  m_Children: []
  m_Father: {fileID: 5642806440783343124}
  m_RootOrder: 15
  m_LocalEulerAnglesHint: {x: 0, y: 0, z: 0}
--- !u!33 &8306651561655321346
MeshFilter:
  m_ObjectHideFlags: 0
  m_CorrespondingSourceObject: {fileID: 0}
  m_PrefabInstance: {fileID: 0}
  m_PrefabAsset: {fileID: 0}
  m_GameObject: {fileID: 6263735875379905457}
  m_Mesh: {fileID: -7479118485459218045, guid: 3d3e3f91d4823174ba6aa45666ebdb48, type: 3}
--- !u!23 &3011414235988520162
MeshRenderer:
  m_ObjectHideFlags: 0
  m_CorrespondingSourceObject: {fileID: 0}
  m_PrefabInstance: {fileID: 0}
  m_PrefabAsset: {fileID: 0}
  m_GameObject: {fileID: 6263735875379905457}
  m_Enabled: 1
  m_CastShadows: 1
  m_ReceiveShadows: 1
  m_DynamicOccludee: 1
  m_MotionVectors: 1
  m_LightProbeUsage: 1
  m_ReflectionProbeUsage: 1
  m_RayTracingMode: 2
  m_RayTraceProcedural: 0
  m_RenderingLayerMask: 1
  m_RendererPriority: 0
  m_Materials:
  - {fileID: 2100000, guid: cea66b4af496824408ddc3310d8db156, type: 2}
  m_StaticBatchInfo:
    firstSubMesh: 0
    subMeshCount: 0
  m_StaticBatchRoot: {fileID: 0}
  m_ProbeAnchor: {fileID: 0}
  m_LightProbeVolumeOverride: {fileID: 0}
  m_ScaleInLightmap: 1
  m_ReceiveGI: 1
  m_PreserveUVs: 0
  m_IgnoreNormalsForChartDetection: 0
  m_ImportantGI: 0
  m_StitchLightmapSeams: 1
  m_SelectedEditorRenderState: 3
  m_MinimumChartSize: 4
  m_AutoUVMaxDistance: 0.5
  m_AutoUVMaxAngle: 89
  m_LightmapParameters: {fileID: 0}
  m_SortingLayerID: 0
  m_SortingLayer: 0
  m_SortingOrder: 0
  m_AdditionalVertexStreams: {fileID: 0}
--- !u!114 &2090379590056658958
MonoBehaviour:
  m_ObjectHideFlags: 0
  m_CorrespondingSourceObject: {fileID: 0}
  m_PrefabInstance: {fileID: 0}
  m_PrefabAsset: {fileID: 0}
  m_GameObject: {fileID: 6263735875379905457}
  m_Enabled: 1
  m_EditorHideFlags: 0
  m_Script: {fileID: 11500000, guid: a7333d57c9b37414dbd9bb1e5bf1b216, type: 3}
  m_Name: 
  m_EditorClassIdentifier: 
--- !u!1 &6409303834182438015
GameObject:
  m_ObjectHideFlags: 0
  m_CorrespondingSourceObject: {fileID: 0}
  m_PrefabInstance: {fileID: 0}
  m_PrefabAsset: {fileID: 0}
  serializedVersion: 6
  m_Component:
  - component: {fileID: 2018890814637389561}
  - component: {fileID: 4250274565501181701}
  - component: {fileID: 3634614381946592107}
  - component: {fileID: 1490906381720309213}
  - component: {fileID: 7850119195432334339}
  - component: {fileID: 5401716492905426795}
  m_Layer: 0
  m_Name: I6_Ramp_L_1
  m_TagString: Untagged
  m_Icon: {fileID: 0}
  m_NavMeshLayer: 0
  m_StaticEditorFlags: 0
  m_IsActive: 1
--- !u!4 &2018890814637389561
Transform:
  m_ObjectHideFlags: 0
  m_CorrespondingSourceObject: {fileID: 0}
  m_PrefabInstance: {fileID: 0}
  m_PrefabAsset: {fileID: 0}
  m_GameObject: {fileID: 6409303834182438015}
  m_LocalRotation: {x: -0.7071069, y: -0.000000014901161, z: 0.000000007450581, w: 0.70710677}
  m_LocalPosition: {x: 0.4253006, y: 2.5237045, z: -0.004450798}
  m_LocalScale: {x: 100, y: 99.99998, z: 99.99999}
  m_Children: []
  m_Father: {fileID: 5642806440783343124}
  m_RootOrder: 7
  m_LocalEulerAnglesHint: {x: 0, y: 0, z: 0}
--- !u!33 &4250274565501181701
MeshFilter:
  m_ObjectHideFlags: 0
  m_CorrespondingSourceObject: {fileID: 0}
  m_PrefabInstance: {fileID: 0}
  m_PrefabAsset: {fileID: 0}
  m_GameObject: {fileID: 6409303834182438015}
  m_Mesh: {fileID: 7621060904352013651, guid: 3d3e3f91d4823174ba6aa45666ebdb48, type: 3}
--- !u!23 &3634614381946592107
MeshRenderer:
  m_ObjectHideFlags: 0
  m_CorrespondingSourceObject: {fileID: 0}
  m_PrefabInstance: {fileID: 0}
  m_PrefabAsset: {fileID: 0}
  m_GameObject: {fileID: 6409303834182438015}
  m_Enabled: 1
  m_CastShadows: 1
  m_ReceiveShadows: 1
  m_DynamicOccludee: 1
  m_MotionVectors: 1
  m_LightProbeUsage: 1
  m_ReflectionProbeUsage: 1
  m_RayTracingMode: 2
  m_RayTraceProcedural: 0
  m_RenderingLayerMask: 1
  m_RendererPriority: 0
  m_Materials:
  - {fileID: 2100000, guid: 86dd34ed13ab5514183e8bb69b7b8018, type: 2}
  m_StaticBatchInfo:
    firstSubMesh: 0
    subMeshCount: 0
  m_StaticBatchRoot: {fileID: 0}
  m_ProbeAnchor: {fileID: 0}
  m_LightProbeVolumeOverride: {fileID: 0}
  m_ScaleInLightmap: 1
  m_ReceiveGI: 1
  m_PreserveUVs: 0
  m_IgnoreNormalsForChartDetection: 0
  m_ImportantGI: 0
  m_StitchLightmapSeams: 1
  m_SelectedEditorRenderState: 3
  m_MinimumChartSize: 4
  m_AutoUVMaxDistance: 0.5
  m_AutoUVMaxAngle: 89
  m_LightmapParameters: {fileID: 0}
  m_SortingLayerID: 0
  m_SortingLayer: 0
  m_SortingOrder: 0
  m_AdditionalVertexStreams: {fileID: 0}
--- !u!114 &1490906381720309213
MonoBehaviour:
  m_ObjectHideFlags: 0
  m_CorrespondingSourceObject: {fileID: 0}
  m_PrefabInstance: {fileID: 0}
  m_PrefabAsset: {fileID: 0}
  m_GameObject: {fileID: 6409303834182438015}
  m_Enabled: 1
  m_EditorHideFlags: 0
  m_Script: {fileID: 11500000, guid: 04bc1a2ad9de48179fd3be8e6e14cbb4, type: 3}
  m_Name: 
  m_EditorClassIdentifier: 
  IconPrefab: {fileID: 1698940338528956435, guid: 7fb60c65f564113479b8a46782d76743,
    type: 3}
  PinPoint: {fileID: 0}
  AdditionalRenderers: []
  SortingPriorityInPanel: 0
--- !u!114 &7850119195432334339
MonoBehaviour:
  m_ObjectHideFlags: 0
  m_CorrespondingSourceObject: {fileID: 0}
  m_PrefabInstance: {fileID: 0}
  m_PrefabAsset: {fileID: 0}
  m_GameObject: {fileID: 6409303834182438015}
  m_Enabled: 1
  m_EditorHideFlags: 0
  m_Script: {fileID: 11500000, guid: 94533d393af94a6eb9ecc57d5b1dec63, type: 3}
  m_Name: 
  m_EditorClassIdentifier: 
  UniqueId: c3ed8381208e67049953dac47121e663
  UnchangableMaterial: {fileID: 0}
--- !u!114 &5401716492905426795
MonoBehaviour:
  m_ObjectHideFlags: 0
  m_CorrespondingSourceObject: {fileID: 0}
  m_PrefabInstance: {fileID: 0}
  m_PrefabAsset: {fileID: 0}
  m_GameObject: {fileID: 6409303834182438015}
  m_Enabled: 1
  m_EditorHideFlags: 0
  m_Script: {fileID: 11500000, guid: 79b7b8eaca8044b7bc4562668bc8851d, type: 3}
  m_Name: 
  m_EditorClassIdentifier: 
  StackId: 2
--- !u!1 &6420969688074771930
GameObject:
  m_ObjectHideFlags: 0
  m_CorrespondingSourceObject: {fileID: 0}
  m_PrefabInstance: {fileID: 0}
  m_PrefabAsset: {fileID: 0}
  serializedVersion: 6
  m_Component:
  - component: {fileID: 7477538541025637535}
  - component: {fileID: 8673990777302526358}
  - component: {fileID: 6239634580582762954}
  - component: {fileID: 6601812765316137044}
  - component: {fileID: 7962852467393200142}
  m_Layer: 0
  m_Name: I6_Ring
  m_TagString: Untagged
  m_Icon: {fileID: 0}
  m_NavMeshLayer: 0
  m_StaticEditorFlags: 0
  m_IsActive: 1
--- !u!4 &7477538541025637535
Transform:
  m_ObjectHideFlags: 0
  m_CorrespondingSourceObject: {fileID: 0}
  m_PrefabInstance: {fileID: 0}
  m_PrefabAsset: {fileID: 0}
  m_GameObject: {fileID: 6420969688074771930}
  m_LocalRotation: {x: -0.7071069, y: -0.000000014901161, z: 0.000000007450581, w: 0.70710677}
  m_LocalPosition: {x: -0, y: 2.326665, z: -0.0049352646}
  m_LocalScale: {x: 100, y: 99.99998, z: 100}
  m_Children: []
  m_Father: {fileID: 5642806440783343124}
  m_RootOrder: 0
  m_LocalEulerAnglesHint: {x: 0, y: 0, z: 0}
--- !u!33 &8673990777302526358
MeshFilter:
  m_ObjectHideFlags: 0
  m_CorrespondingSourceObject: {fileID: 0}
  m_PrefabInstance: {fileID: 0}
  m_PrefabAsset: {fileID: 0}
  m_GameObject: {fileID: 6420969688074771930}
  m_Mesh: {fileID: 472206300364977193, guid: 3d3e3f91d4823174ba6aa45666ebdb48, type: 3}
--- !u!23 &6239634580582762954
MeshRenderer:
  m_ObjectHideFlags: 0
  m_CorrespondingSourceObject: {fileID: 0}
  m_PrefabInstance: {fileID: 0}
  m_PrefabAsset: {fileID: 0}
  m_GameObject: {fileID: 6420969688074771930}
  m_Enabled: 1
  m_CastShadows: 1
  m_ReceiveShadows: 1
  m_DynamicOccludee: 1
  m_MotionVectors: 1
  m_LightProbeUsage: 1
  m_ReflectionProbeUsage: 1
  m_RayTracingMode: 2
  m_RayTraceProcedural: 0
  m_RenderingLayerMask: 1
  m_RendererPriority: 0
  m_Materials:
  - {fileID: 2100000, guid: 86dd34ed13ab5514183e8bb69b7b8018, type: 2}
  m_StaticBatchInfo:
    firstSubMesh: 0
    subMeshCount: 0
  m_StaticBatchRoot: {fileID: 0}
  m_ProbeAnchor: {fileID: 0}
  m_LightProbeVolumeOverride: {fileID: 0}
  m_ScaleInLightmap: 1
  m_ReceiveGI: 1
  m_PreserveUVs: 0
  m_IgnoreNormalsForChartDetection: 0
  m_ImportantGI: 0
  m_StitchLightmapSeams: 1
  m_SelectedEditorRenderState: 3
  m_MinimumChartSize: 4
  m_AutoUVMaxDistance: 0.5
  m_AutoUVMaxAngle: 89
  m_LightmapParameters: {fileID: 0}
  m_SortingLayerID: 0
  m_SortingLayer: 0
  m_SortingOrder: 0
  m_AdditionalVertexStreams: {fileID: 0}
--- !u!114 &6601812765316137044
MonoBehaviour:
  m_ObjectHideFlags: 0
  m_CorrespondingSourceObject: {fileID: 0}
  m_PrefabInstance: {fileID: 0}
  m_PrefabAsset: {fileID: 0}
  m_GameObject: {fileID: 6420969688074771930}
  m_Enabled: 1
  m_EditorHideFlags: 0
  m_Script: {fileID: 11500000, guid: 04bc1a2ad9de48179fd3be8e6e14cbb4, type: 3}
  m_Name: 
  m_EditorClassIdentifier: 
  IconPrefab: {fileID: 1049698325044509740, guid: 48175954be4cde247b12533c8ee06870,
    type: 3}
  PinPoint: {fileID: 0}
  AdditionalRenderers: []
  SortingPriorityInPanel: 0
--- !u!114 &7962852467393200142
MonoBehaviour:
  m_ObjectHideFlags: 0
  m_CorrespondingSourceObject: {fileID: 0}
  m_PrefabInstance: {fileID: 0}
  m_PrefabAsset: {fileID: 0}
  m_GameObject: {fileID: 6420969688074771930}
  m_Enabled: 1
  m_EditorHideFlags: 0
  m_Script: {fileID: 11500000, guid: 94533d393af94a6eb9ecc57d5b1dec63, type: 3}
  m_Name: 
  m_EditorClassIdentifier: 
  UniqueId: 1d3724c7af2c6984890a5760724ef324
  UnchangableMaterial: {fileID: 0}
--- !u!1 &7332461298028107466
GameObject:
  m_ObjectHideFlags: 0
  m_CorrespondingSourceObject: {fileID: 0}
  m_PrefabInstance: {fileID: 0}
  m_PrefabAsset: {fileID: 0}
  serializedVersion: 6
  m_Component:
  - component: {fileID: 4534436547740421775}
  - component: {fileID: 4044933487682039055}
  - component: {fileID: 2736958474510693118}
  - component: {fileID: 5536043988509996879}
  - component: {fileID: 7586861370664721954}
  - component: {fileID: 7022299532436489778}
  m_Layer: 0
  m_Name: I6_Base_in_1
  m_TagString: Untagged
  m_Icon: {fileID: 0}
  m_NavMeshLayer: 0
  m_StaticEditorFlags: 0
  m_IsActive: 1
--- !u!4 &4534436547740421775
Transform:
  m_ObjectHideFlags: 0
  m_CorrespondingSourceObject: {fileID: 0}
  m_PrefabInstance: {fileID: 0}
  m_PrefabAsset: {fileID: 0}
  m_GameObject: {fileID: 7332461298028107466}
  m_LocalRotation: {x: -0.7071069, y: -0.000000014901161, z: 0.000000007450581, w: 0.70710677}
  m_LocalPosition: {x: -0.0000009536743, y: 2.6522484, z: 0.25936222}
  m_LocalScale: {x: 100, y: 99.99998, z: 99.99999}
  m_Children: []
  m_Father: {fileID: 5642806440783343124}
  m_RootOrder: 1
  m_LocalEulerAnglesHint: {x: 0, y: 0, z: 0}
--- !u!33 &4044933487682039055
MeshFilter:
  m_ObjectHideFlags: 0
  m_CorrespondingSourceObject: {fileID: 0}
  m_PrefabInstance: {fileID: 0}
  m_PrefabAsset: {fileID: 0}
  m_GameObject: {fileID: 7332461298028107466}
  m_Mesh: {fileID: 155904142864844737, guid: 3d3e3f91d4823174ba6aa45666ebdb48, type: 3}
--- !u!23 &2736958474510693118
MeshRenderer:
  m_ObjectHideFlags: 0
  m_CorrespondingSourceObject: {fileID: 0}
  m_PrefabInstance: {fileID: 0}
  m_PrefabAsset: {fileID: 0}
  m_GameObject: {fileID: 7332461298028107466}
  m_Enabled: 1
  m_CastShadows: 1
  m_ReceiveShadows: 1
  m_DynamicOccludee: 1
  m_MotionVectors: 1
  m_LightProbeUsage: 1
  m_ReflectionProbeUsage: 1
  m_RayTracingMode: 2
  m_RayTraceProcedural: 0
  m_RenderingLayerMask: 1
  m_RendererPriority: 0
  m_Materials:
  - {fileID: 2100000, guid: 86dd34ed13ab5514183e8bb69b7b8018, type: 2}
  m_StaticBatchInfo:
    firstSubMesh: 0
    subMeshCount: 0
  m_StaticBatchRoot: {fileID: 0}
  m_ProbeAnchor: {fileID: 0}
  m_LightProbeVolumeOverride: {fileID: 0}
  m_ScaleInLightmap: 1
  m_ReceiveGI: 1
  m_PreserveUVs: 0
  m_IgnoreNormalsForChartDetection: 0
  m_ImportantGI: 0
  m_StitchLightmapSeams: 1
  m_SelectedEditorRenderState: 3
  m_MinimumChartSize: 4
  m_AutoUVMaxDistance: 0.5
  m_AutoUVMaxAngle: 89
  m_LightmapParameters: {fileID: 0}
  m_SortingLayerID: 0
  m_SortingLayer: 0
  m_SortingOrder: 0
  m_AdditionalVertexStreams: {fileID: 0}
--- !u!114 &5536043988509996879
MonoBehaviour:
  m_ObjectHideFlags: 0
  m_CorrespondingSourceObject: {fileID: 0}
  m_PrefabInstance: {fileID: 0}
  m_PrefabAsset: {fileID: 0}
  m_GameObject: {fileID: 7332461298028107466}
  m_Enabled: 1
  m_EditorHideFlags: 0
  m_Script: {fileID: 11500000, guid: 04bc1a2ad9de48179fd3be8e6e14cbb4, type: 3}
  m_Name: 
  m_EditorClassIdentifier: 
  IconPrefab: {fileID: 6228779986607318928, guid: e396b428551c9d0459e2cf6425a8c0c8,
    type: 3}
  PinPoint: {fileID: 0}
  AdditionalRenderers: []
  SortingPriorityInPanel: 0
--- !u!114 &7586861370664721954
MonoBehaviour:
  m_ObjectHideFlags: 0
  m_CorrespondingSourceObject: {fileID: 0}
  m_PrefabInstance: {fileID: 0}
  m_PrefabAsset: {fileID: 0}
  m_GameObject: {fileID: 7332461298028107466}
  m_Enabled: 1
  m_EditorHideFlags: 0
  m_Script: {fileID: 11500000, guid: 94533d393af94a6eb9ecc57d5b1dec63, type: 3}
  m_Name: 
  m_EditorClassIdentifier: 
  UniqueId: 314c5f2356487f64983061c58d31f031
  UnchangableMaterial: {fileID: 0}
--- !u!114 &7022299532436489778
MonoBehaviour:
  m_ObjectHideFlags: 0
  m_CorrespondingSourceObject: {fileID: 0}
  m_PrefabInstance: {fileID: 0}
  m_PrefabAsset: {fileID: 0}
  m_GameObject: {fileID: 7332461298028107466}
  m_Enabled: 1
  m_EditorHideFlags: 0
  m_Script: {fileID: 11500000, guid: 79b7b8eaca8044b7bc4562668bc8851d, type: 3}
  m_Name: 
  m_EditorClassIdentifier: 
  StackId: 5
--- !u!1 &7508981528100893124
GameObject:
  m_ObjectHideFlags: 0
  m_CorrespondingSourceObject: {fileID: 0}
  m_PrefabInstance: {fileID: 0}
  m_PrefabAsset: {fileID: 0}
  serializedVersion: 6
  m_Component:
  - component: {fileID: 2991527839269665017}
  - component: {fileID: 4637309765628929870}
  - component: {fileID: 607619796975966402}
  - component: {fileID: 9163386349747440139}
  - component: {fileID: 8021014226700239793}
  m_Layer: 0
  m_Name: I6_Piston_2
  m_TagString: Untagged
  m_Icon: {fileID: 0}
  m_NavMeshLayer: 0
  m_StaticEditorFlags: 0
  m_IsActive: 1
--- !u!4 &2991527839269665017
Transform:
  m_ObjectHideFlags: 0
  m_CorrespondingSourceObject: {fileID: 0}
  m_PrefabInstance: {fileID: 0}
  m_PrefabAsset: {fileID: 0}
  m_GameObject: {fileID: 7508981528100893124}
  m_LocalRotation: {x: -0.7071069, y: -0.000000014901161, z: 0.000000007450581, w: 0.70710677}
  m_LocalPosition: {x: -0.0000019073486, y: 2.6126175, z: -0.0049352646}
  m_LocalScale: {x: 92.187515, y: 92.187485, z: 92.1875}
  m_Children: []
  m_Father: {fileID: 5642806440783343124}
  m_RootOrder: 6
  m_LocalEulerAnglesHint: {x: 0, y: 0, z: 0}
--- !u!33 &4637309765628929870
MeshFilter:
  m_ObjectHideFlags: 0
  m_CorrespondingSourceObject: {fileID: 0}
  m_PrefabInstance: {fileID: 0}
  m_PrefabAsset: {fileID: 0}
  m_GameObject: {fileID: 7508981528100893124}
  m_Mesh: {fileID: 5928941758039926029, guid: 3d3e3f91d4823174ba6aa45666ebdb48, type: 3}
--- !u!23 &607619796975966402
MeshRenderer:
  m_ObjectHideFlags: 0
  m_CorrespondingSourceObject: {fileID: 0}
  m_PrefabInstance: {fileID: 0}
  m_PrefabAsset: {fileID: 0}
  m_GameObject: {fileID: 7508981528100893124}
  m_Enabled: 1
  m_CastShadows: 1
  m_ReceiveShadows: 1
  m_DynamicOccludee: 1
  m_MotionVectors: 1
  m_LightProbeUsage: 1
  m_ReflectionProbeUsage: 1
  m_RayTracingMode: 2
  m_RayTraceProcedural: 0
  m_RenderingLayerMask: 1
  m_RendererPriority: 0
  m_Materials:
  - {fileID: 2100000, guid: 86dd34ed13ab5514183e8bb69b7b8018, type: 2}
  m_StaticBatchInfo:
    firstSubMesh: 0
    subMeshCount: 0
  m_StaticBatchRoot: {fileID: 0}
  m_ProbeAnchor: {fileID: 0}
  m_LightProbeVolumeOverride: {fileID: 0}
  m_ScaleInLightmap: 1
  m_ReceiveGI: 1
  m_PreserveUVs: 0
  m_IgnoreNormalsForChartDetection: 0
  m_ImportantGI: 0
  m_StitchLightmapSeams: 1
  m_SelectedEditorRenderState: 3
  m_MinimumChartSize: 4
  m_AutoUVMaxDistance: 0.5
  m_AutoUVMaxAngle: 89
  m_LightmapParameters: {fileID: 0}
  m_SortingLayerID: 0
  m_SortingLayer: 0
  m_SortingOrder: 0
  m_AdditionalVertexStreams: {fileID: 0}
--- !u!114 &9163386349747440139
MonoBehaviour:
  m_ObjectHideFlags: 0
  m_CorrespondingSourceObject: {fileID: 0}
  m_PrefabInstance: {fileID: 0}
  m_PrefabAsset: {fileID: 0}
  m_GameObject: {fileID: 7508981528100893124}
  m_Enabled: 1
  m_EditorHideFlags: 0
  m_Script: {fileID: 11500000, guid: 04bc1a2ad9de48179fd3be8e6e14cbb4, type: 3}
  m_Name: 
  m_EditorClassIdentifier: 
  IconPrefab: {fileID: 2080675520300958830, guid: 72cbc7fe584e1f04f9a766b1ae9dbecd,
    type: 3}
  PinPoint: {fileID: 0}
  AdditionalRenderers: []
  SortingPriorityInPanel: 0
--- !u!114 &8021014226700239793
MonoBehaviour:
  m_ObjectHideFlags: 0
  m_CorrespondingSourceObject: {fileID: 0}
  m_PrefabInstance: {fileID: 0}
  m_PrefabAsset: {fileID: 0}
  m_GameObject: {fileID: 7508981528100893124}
  m_Enabled: 1
  m_EditorHideFlags: 0
  m_Script: {fileID: 11500000, guid: 94533d393af94a6eb9ecc57d5b1dec63, type: 3}
  m_Name: 
  m_EditorClassIdentifier: 
  UniqueId: 169a5c8f077d04c4bade218e9ccd1670
  UnchangableMaterial: {fileID: 0}
--- !u!1 &7909379003883389167
GameObject:
  m_ObjectHideFlags: 0
  m_CorrespondingSourceObject: {fileID: 0}
  m_PrefabInstance: {fileID: 0}
  m_PrefabAsset: {fileID: 0}
  serializedVersion: 6
  m_Component:
  - component: {fileID: 5903905375085198104}
  - component: {fileID: 1932095826602293806}
  - component: {fileID: 4201039636983238825}
  - component: {fileID: 4191707324305872545}
  - component: {fileID: 4965913641342903777}
  - component: {fileID: 8426735173406604472}
  m_Layer: 0
  m_Name: I6_Ramp_holer_R
  m_TagString: Untagged
  m_Icon: {fileID: 0}
  m_NavMeshLayer: 0
  m_StaticEditorFlags: 0
  m_IsActive: 1
--- !u!4 &5903905375085198104
Transform:
  m_ObjectHideFlags: 0
  m_CorrespondingSourceObject: {fileID: 0}
  m_PrefabInstance: {fileID: 0}
  m_PrefabAsset: {fileID: 0}
  m_GameObject: {fileID: 7909379003883389167}
  m_LocalRotation: {x: 0.00000023993198, y: -0.00000020582229, z: -0.7071069, w: 0.70710677}
  m_LocalPosition: {x: -0.58383274, y: 2.6878872, z: -0.0044527054}
  m_LocalScale: {x: 100, y: 100, z: 100}
  m_Children: []
  m_Father: {fileID: 5642806440783343124}
  m_RootOrder: 10
  m_LocalEulerAnglesHint: {x: 0, y: 0, z: 0}
--- !u!33 &1932095826602293806
MeshFilter:
  m_ObjectHideFlags: 0
  m_CorrespondingSourceObject: {fileID: 0}
  m_PrefabInstance: {fileID: 0}
  m_PrefabAsset: {fileID: 0}
  m_GameObject: {fileID: 7909379003883389167}
  m_Mesh: {fileID: 4598071099533209899, guid: 3d3e3f91d4823174ba6aa45666ebdb48, type: 3}
--- !u!23 &4201039636983238825
MeshRenderer:
  m_ObjectHideFlags: 0
  m_CorrespondingSourceObject: {fileID: 0}
  m_PrefabInstance: {fileID: 0}
  m_PrefabAsset: {fileID: 0}
  m_GameObject: {fileID: 7909379003883389167}
  m_Enabled: 1
  m_CastShadows: 1
  m_ReceiveShadows: 1
  m_DynamicOccludee: 1
  m_MotionVectors: 1
  m_LightProbeUsage: 1
  m_ReflectionProbeUsage: 1
  m_RayTracingMode: 2
  m_RayTraceProcedural: 0
  m_RenderingLayerMask: 1
  m_RendererPriority: 0
  m_Materials:
  - {fileID: 2100000, guid: 86dd34ed13ab5514183e8bb69b7b8018, type: 2}
  m_StaticBatchInfo:
    firstSubMesh: 0
    subMeshCount: 0
  m_StaticBatchRoot: {fileID: 0}
  m_ProbeAnchor: {fileID: 0}
  m_LightProbeVolumeOverride: {fileID: 0}
  m_ScaleInLightmap: 1
  m_ReceiveGI: 1
  m_PreserveUVs: 0
  m_IgnoreNormalsForChartDetection: 0
  m_ImportantGI: 0
  m_StitchLightmapSeams: 1
  m_SelectedEditorRenderState: 3
  m_MinimumChartSize: 4
  m_AutoUVMaxDistance: 0.5
  m_AutoUVMaxAngle: 89
  m_LightmapParameters: {fileID: 0}
  m_SortingLayerID: 0
  m_SortingLayer: 0
  m_SortingOrder: 0
  m_AdditionalVertexStreams: {fileID: 0}
--- !u!114 &4191707324305872545
MonoBehaviour:
  m_ObjectHideFlags: 0
  m_CorrespondingSourceObject: {fileID: 0}
  m_PrefabInstance: {fileID: 0}
  m_PrefabAsset: {fileID: 0}
  m_GameObject: {fileID: 7909379003883389167}
  m_Enabled: 1
  m_EditorHideFlags: 0
  m_Script: {fileID: 11500000, guid: 04bc1a2ad9de48179fd3be8e6e14cbb4, type: 3}
  m_Name: 
  m_EditorClassIdentifier: 
  IconPrefab: {fileID: 8895910438671565778, guid: 0fd2cfec0b39dd24cba9c221413e05cd,
    type: 3}
  PinPoint: {fileID: 0}
  AdditionalRenderers: []
  SortingPriorityInPanel: 0
--- !u!114 &4965913641342903777
MonoBehaviour:
  m_ObjectHideFlags: 0
  m_CorrespondingSourceObject: {fileID: 0}
  m_PrefabInstance: {fileID: 0}
  m_PrefabAsset: {fileID: 0}
  m_GameObject: {fileID: 7909379003883389167}
  m_Enabled: 1
  m_EditorHideFlags: 0
  m_Script: {fileID: 11500000, guid: 94533d393af94a6eb9ecc57d5b1dec63, type: 3}
  m_Name: 
  m_EditorClassIdentifier: 
  UniqueId: a686fee8461194f4d92a758c2c2cb2e4
  UnchangableMaterial: {fileID: 0}
--- !u!114 &8426735173406604472
MonoBehaviour:
  m_ObjectHideFlags: 0
  m_CorrespondingSourceObject: {fileID: 0}
  m_PrefabInstance: {fileID: 0}
  m_PrefabAsset: {fileID: 0}
  m_GameObject: {fileID: 7909379003883389167}
  m_Enabled: 1
  m_EditorHideFlags: 0
  m_Script: {fileID: 11500000, guid: 79b7b8eaca8044b7bc4562668bc8851d, type: 3}
  m_Name: 
  m_EditorClassIdentifier: 
  StackId: 3
--- !u!1 &9006748934908154688
GameObject:
  m_ObjectHideFlags: 0
  m_CorrespondingSourceObject: {fileID: 0}
  m_PrefabInstance: {fileID: 0}
  m_PrefabAsset: {fileID: 0}
  serializedVersion: 6
  m_Component:
  - component: {fileID: 2757079855539875881}
  - component: {fileID: 3448792207082035325}
  - component: {fileID: 3747710645249472456}
  - component: {fileID: 7253710817374141231}
  - component: {fileID: 2305174668663096100}
  m_Layer: 0
  m_Name: I6_Roundcube.022
  m_TagString: Untagged
  m_Icon: {fileID: 0}
  m_NavMeshLayer: 0
  m_StaticEditorFlags: 0
  m_IsActive: 1
--- !u!4 &2757079855539875881
Transform:
  m_ObjectHideFlags: 0
  m_CorrespondingSourceObject: {fileID: 0}
  m_PrefabInstance: {fileID: 0}
  m_PrefabAsset: {fileID: 0}
  m_GameObject: {fileID: 9006748934908154688}
  m_LocalRotation: {x: -0.7071068, y: 0.00000013411045, z: -0.00000011175871, w: 0.7071068}
  m_LocalPosition: {x: 0.47898388, y: 3.2391224, z: -0.008538246}
  m_LocalScale: {x: 92.187515, y: 92.1875, z: 92.18749}
  m_Children: []
  m_Father: {fileID: 5642806440783343124}
  m_RootOrder: 13
  m_LocalEulerAnglesHint: {x: 0, y: 0, z: 0}
--- !u!33 &3448792207082035325
MeshFilter:
  m_ObjectHideFlags: 0
  m_CorrespondingSourceObject: {fileID: 0}
  m_PrefabInstance: {fileID: 0}
  m_PrefabAsset: {fileID: 0}
  m_GameObject: {fileID: 9006748934908154688}
  m_Mesh: {fileID: -1619474497375020077, guid: 3d3e3f91d4823174ba6aa45666ebdb48, type: 3}
--- !u!23 &3747710645249472456
MeshRenderer:
  m_ObjectHideFlags: 0
  m_CorrespondingSourceObject: {fileID: 0}
  m_PrefabInstance: {fileID: 0}
  m_PrefabAsset: {fileID: 0}
  m_GameObject: {fileID: 9006748934908154688}
  m_Enabled: 1
  m_CastShadows: 1
  m_ReceiveShadows: 1
  m_DynamicOccludee: 1
  m_MotionVectors: 1
  m_LightProbeUsage: 1
  m_ReflectionProbeUsage: 1
  m_RayTracingMode: 2
  m_RayTraceProcedural: 0
  m_RenderingLayerMask: 1
  m_RendererPriority: 0
  m_Materials:
  - {fileID: 2100000, guid: 86dd34ed13ab5514183e8bb69b7b8018, type: 2}
  m_StaticBatchInfo:
    firstSubMesh: 0
    subMeshCount: 0
  m_StaticBatchRoot: {fileID: 0}
  m_ProbeAnchor: {fileID: 0}
  m_LightProbeVolumeOverride: {fileID: 0}
  m_ScaleInLightmap: 1
  m_ReceiveGI: 1
  m_PreserveUVs: 0
  m_IgnoreNormalsForChartDetection: 0
  m_ImportantGI: 0
  m_StitchLightmapSeams: 1
  m_SelectedEditorRenderState: 3
  m_MinimumChartSize: 4
  m_AutoUVMaxDistance: 0.5
  m_AutoUVMaxAngle: 89
  m_LightmapParameters: {fileID: 0}
  m_SortingLayerID: 0
  m_SortingLayer: 0
  m_SortingOrder: 0
  m_AdditionalVertexStreams: {fileID: 0}
--- !u!114 &7253710817374141231
MonoBehaviour:
  m_ObjectHideFlags: 0
  m_CorrespondingSourceObject: {fileID: 0}
  m_PrefabInstance: {fileID: 0}
  m_PrefabAsset: {fileID: 0}
  m_GameObject: {fileID: 9006748934908154688}
  m_Enabled: 1
  m_EditorHideFlags: 0
  m_Script: {fileID: 11500000, guid: 04bc1a2ad9de48179fd3be8e6e14cbb4, type: 3}
  m_Name: 
  m_EditorClassIdentifier: 
  IconPrefab: {fileID: 6551638407059619179, guid: 9fb36d03654e57c4bb8549b39acd0e4d,
    type: 3}
  PinPoint: {fileID: 0}
  AdditionalRenderers: []
  SortingPriorityInPanel: 0
--- !u!114 &2305174668663096100
MonoBehaviour:
  m_ObjectHideFlags: 0
  m_CorrespondingSourceObject: {fileID: 0}
  m_PrefabInstance: {fileID: 0}
  m_PrefabAsset: {fileID: 0}
  m_GameObject: {fileID: 9006748934908154688}
  m_Enabled: 1
  m_EditorHideFlags: 0
  m_Script: {fileID: 11500000, guid: 94533d393af94a6eb9ecc57d5b1dec63, type: 3}
  m_Name: 
  m_EditorClassIdentifier: 
  UniqueId: cd3d8cfaaa89ff7499ec5ba6eb2313b8
  UnchangableMaterial: {fileID: 0}
