%YAML 1.1
%TAG !u! tag:unity3d.com,2011:
--- !u!1 &163626055745127281
GameObject:
  m_ObjectHideFlags: 0
  m_CorrespondingSourceObject: {fileID: 0}
  m_PrefabInstance: {fileID: 0}
  m_PrefabAsset: {fileID: 0}
  serializedVersion: 6
  m_Component:
  - component: {fileID: 5342792421609187598}
  - component: {fileID: 7909383652062343862}
  - component: {fileID: 3803558939966842559}
  - component: {fileID: 8993541445099196982}
  - component: {fileID: 537440436140592221}
  - component: {fileID: 9110588959754338758}
  m_Layer: 0
  m_Name: PH4_Hammer.L
  m_TagString: Untagged
  m_Icon: {fileID: 0}
  m_NavMeshLayer: 0
  m_StaticEditorFlags: 0
  m_IsActive: 1
--- !u!4 &5342792421609187598
Transform:
  m_ObjectHideFlags: 0
  m_CorrespondingSourceObject: {fileID: 0}
  m_PrefabInstance: {fileID: 0}
  m_PrefabAsset: {fileID: 0}
  m_GameObject: {fileID: 163626055745127281}
  m_LocalRotation: {x: -0.0317907, y: -0.03179067, z: 0.706392, w: 0.70639163}
  m_LocalPosition: {x: 0.8015804, y: 2.5152273, z: 0.072291374}
  m_LocalScale: {x: 1, y: 0.9999999, z: 1.0000001}
  m_Children: []
  m_Father: {fileID: 5040391332512393666}
  m_RootOrder: 11
  m_LocalEulerAnglesHint: {x: 0.0000011102406, y: -16.334312, z: 90.00001}
--- !u!33 &7909383652062343862
MeshFilter:
  m_ObjectHideFlags: 0
  m_CorrespondingSourceObject: {fileID: 0}
  m_PrefabInstance: {fileID: 0}
  m_PrefabAsset: {fileID: 0}
  m_GameObject: {fileID: 163626055745127281}
  m_Mesh: {fileID: 8045864714786327108, guid: 36b7b8c061e58a34884f451e0731430e, type: 3}
--- !u!23 &3803558939966842559
MeshRenderer:
  m_ObjectHideFlags: 0
  m_CorrespondingSourceObject: {fileID: 0}
  m_PrefabInstance: {fileID: 0}
  m_PrefabAsset: {fileID: 0}
  m_GameObject: {fileID: 163626055745127281}
  m_Enabled: 1
  m_CastShadows: 1
  m_ReceiveShadows: 1
  m_DynamicOccludee: 1
  m_MotionVectors: 1
  m_LightProbeUsage: 1
  m_ReflectionProbeUsage: 1
  m_RayTracingMode: 2
  m_RayTraceProcedural: 0
  m_RenderingLayerMask: 1
  m_RendererPriority: 0
  m_Materials:
  - {fileID: 2100000, guid: 1e3cb8ce8b921c441b7198a46d6ab6fc, type: 2}
  m_StaticBatchInfo:
    firstSubMesh: 0
    subMeshCount: 0
  m_StaticBatchRoot: {fileID: 0}
  m_ProbeAnchor: {fileID: 0}
  m_LightProbeVolumeOverride: {fileID: 0}
  m_ScaleInLightmap: 1
  m_ReceiveGI: 1
  m_PreserveUVs: 0
  m_IgnoreNormalsForChartDetection: 0
  m_ImportantGI: 0
  m_StitchLightmapSeams: 1
  m_SelectedEditorRenderState: 3
  m_MinimumChartSize: 4
  m_AutoUVMaxDistance: 0.5
  m_AutoUVMaxAngle: 89
  m_LightmapParameters: {fileID: 0}
  m_SortingLayerID: 0
  m_SortingLayer: 0
  m_SortingOrder: 0
  m_AdditionalVertexStreams: {fileID: 0}
--- !u!114 &8993541445099196982
MonoBehaviour:
  m_ObjectHideFlags: 0
  m_CorrespondingSourceObject: {fileID: 0}
  m_PrefabInstance: {fileID: 0}
  m_PrefabAsset: {fileID: 0}
  m_GameObject: {fileID: 163626055745127281}
  m_Enabled: 1
  m_EditorHideFlags: 0
  m_Script: {fileID: 11500000, guid: 04bc1a2ad9de48179fd3be8e6e14cbb4, type: 3}
  m_Name: 
  m_EditorClassIdentifier: 
  IconPrefab: {fileID: 4404809160272284613, guid: c57da42e92097bc439e1fd001e692165,
    type: 3}
  PinPoint: {fileID: 0}
  AdditionalRenderers: []
  SortingPriorityInPanel: 0
--- !u!114 &537440436140592221
MonoBehaviour:
  m_ObjectHideFlags: 0
  m_CorrespondingSourceObject: {fileID: 0}
  m_PrefabInstance: {fileID: 0}
  m_PrefabAsset: {fileID: 0}
  m_GameObject: {fileID: 163626055745127281}
  m_Enabled: 1
  m_EditorHideFlags: 0
  m_Script: {fileID: 11500000, guid: 94533d393af94a6eb9ecc57d5b1dec63, type: 3}
  m_Name: 
  m_EditorClassIdentifier: 
  UniqueId: 177ea3c34b90c3449bfe3fecc7cdee90
  UnchangableMaterial: {fileID: 0}
--- !u!114 &9110588959754338758
MonoBehaviour:
  m_ObjectHideFlags: 0
  m_CorrespondingSourceObject: {fileID: 0}
  m_PrefabInstance: {fileID: 0}
  m_PrefabAsset: {fileID: 0}
  m_GameObject: {fileID: 163626055745127281}
  m_Enabled: 1
  m_EditorHideFlags: 0
  m_Script: {fileID: 11500000, guid: 79b7b8eaca8044b7bc4562668bc8851d, type: 3}
  m_Name: 
  m_EditorClassIdentifier: 
  StackId: 2
--- !u!1 &855277370181429825
GameObject:
  m_ObjectHideFlags: 0
  m_CorrespondingSourceObject: {fileID: 0}
  m_PrefabInstance: {fileID: 0}
  m_PrefabAsset: {fileID: 0}
  serializedVersion: 6
  m_Component:
  - component: {fileID: 7204420655173770331}
  - component: {fileID: 3733014094578399888}
  m_Layer: 0
  m_Name: W4_M4
  m_TagString: Untagged
  m_Icon: {fileID: 0}
  m_NavMeshLayer: 0
  m_StaticEditorFlags: 0
  m_IsActive: 1
--- !u!4 &7204420655173770331
Transform:
  m_ObjectHideFlags: 0
  m_CorrespondingSourceObject: {fileID: 0}
  m_PrefabInstance: {fileID: 0}
  m_PrefabAsset: {fileID: 0}
  m_GameObject: {fileID: 855277370181429825}
  m_LocalRotation: {x: 0, y: 0, z: 0, w: 1}
  m_LocalPosition: {x: 0, y: 0, z: 0}
  m_LocalScale: {x: 1, y: 1, z: 1}
  m_Children:
  - {fileID: 3099197920878535772}
  - {fileID: 5040391332512393666}
  m_Father: {fileID: 0}
  m_RootOrder: 0
  m_LocalEulerAnglesHint: {x: 0, y: 0, z: 0}
--- !u!114 &3733014094578399888
MonoBehaviour:
  m_ObjectHideFlags: 0
  m_CorrespondingSourceObject: {fileID: 0}
  m_PrefabInstance: {fileID: 0}
  m_PrefabAsset: {fileID: 0}
  m_GameObject: {fileID: 855277370181429825}
  m_Enabled: 1
  m_EditorHideFlags: 0
  m_Script: {fileID: 11500000, guid: 61cfbd4612a04c569ab2bc8d923982e4, type: 3}
  m_Name: 
  m_EditorClassIdentifier: 
  BaseLevelAnchor: {fileID: 3099197920878535772}
  Id: a21ed51768d60a644ae13e4591d3c323
  Event: 25
  Materials:
  - Scheme: {fileID: 11400000, guid: 88ad2ea20ebf06140a9b641d4ae31d52, type: 2}
    Material: {fileID: 2100000, guid: 1e3cb8ce8b921c441b7198a46d6ab6fc, type: 2}
  - Scheme: {fileID: 11400000, guid: 2572bf4aac14e1641b377282f44b9ea2, type: 2}
    Material: {fileID: 2100000, guid: e569a02cc0ab5f84b8ad9bb9fd9a0a62, type: 2}
  OnLaunch:
    m_PersistentCalls:
      m_Calls: []
--- !u!1 &1428533161621655416
GameObject:
  m_ObjectHideFlags: 0
  m_CorrespondingSourceObject: {fileID: 0}
  m_PrefabInstance: {fileID: 0}
  m_PrefabAsset: {fileID: 0}
  serializedVersion: 6
  m_Component:
  - component: {fileID: 361389119778891975}
  - component: {fileID: 4028833039548421977}
  - component: {fileID: 6286411656394504293}
  - component: {fileID: 6635816659381716043}
  - component: {fileID: 5227547389060071194}
  - component: {fileID: 1332717243028580175}
  m_Layer: 0
  m_Name: PH4_Gun2
  m_TagString: Untagged
  m_Icon: {fileID: 0}
  m_NavMeshLayer: 0
  m_StaticEditorFlags: 0
  m_IsActive: 1
--- !u!4 &361389119778891975
Transform:
  m_ObjectHideFlags: 0
  m_CorrespondingSourceObject: {fileID: 0}
  m_PrefabInstance: {fileID: 0}
  m_PrefabAsset: {fileID: 0}
  m_GameObject: {fileID: 1428533161621655416}
  m_LocalRotation: {x: -0, y: -0, z: 0.000000007450581, w: 1}
  m_LocalPosition: {x: -0, y: 1.8379526, z: -0.84533024}
  m_LocalScale: {x: 1, y: 1, z: 1}
  m_Children: []
  m_Father: {fileID: 5040391332512393666}
  m_RootOrder: 6
  m_LocalEulerAnglesHint: {x: 0, y: 0, z: 0}
--- !u!33 &4028833039548421977
MeshFilter:
  m_ObjectHideFlags: 0
  m_CorrespondingSourceObject: {fileID: 0}
  m_PrefabInstance: {fileID: 0}
  m_PrefabAsset: {fileID: 0}
  m_GameObject: {fileID: 1428533161621655416}
  m_Mesh: {fileID: 6614536123838470491, guid: 36b7b8c061e58a34884f451e0731430e, type: 3}
--- !u!23 &6286411656394504293
MeshRenderer:
  m_ObjectHideFlags: 0
  m_CorrespondingSourceObject: {fileID: 0}
  m_PrefabInstance: {fileID: 0}
  m_PrefabAsset: {fileID: 0}
  m_GameObject: {fileID: 1428533161621655416}
  m_Enabled: 1
  m_CastShadows: 1
  m_ReceiveShadows: 1
  m_DynamicOccludee: 1
  m_MotionVectors: 1
  m_LightProbeUsage: 1
  m_ReflectionProbeUsage: 1
  m_RayTracingMode: 2
  m_RayTraceProcedural: 0
  m_RenderingLayerMask: 1
  m_RendererPriority: 0
  m_Materials:
  - {fileID: 2100000, guid: 1e3cb8ce8b921c441b7198a46d6ab6fc, type: 2}
  m_StaticBatchInfo:
    firstSubMesh: 0
    subMeshCount: 0
  m_StaticBatchRoot: {fileID: 0}
  m_ProbeAnchor: {fileID: 0}
  m_LightProbeVolumeOverride: {fileID: 0}
  m_ScaleInLightmap: 1
  m_ReceiveGI: 1
  m_PreserveUVs: 0
  m_IgnoreNormalsForChartDetection: 0
  m_ImportantGI: 0
  m_StitchLightmapSeams: 1
  m_SelectedEditorRenderState: 3
  m_MinimumChartSize: 4
  m_AutoUVMaxDistance: 0.5
  m_AutoUVMaxAngle: 89
  m_LightmapParameters: {fileID: 0}
  m_SortingLayerID: 0
  m_SortingLayer: 0
  m_SortingOrder: 0
  m_AdditionalVertexStreams: {fileID: 0}
--- !u!114 &6635816659381716043
MonoBehaviour:
  m_ObjectHideFlags: 0
  m_CorrespondingSourceObject: {fileID: 0}
  m_PrefabInstance: {fileID: 0}
  m_PrefabAsset: {fileID: 0}
  m_GameObject: {fileID: 1428533161621655416}
  m_Enabled: 1
  m_EditorHideFlags: 0
  m_Script: {fileID: 11500000, guid: 04bc1a2ad9de48179fd3be8e6e14cbb4, type: 3}
  m_Name: 
  m_EditorClassIdentifier: 
  IconPrefab: {fileID: 3065957874826749910, guid: 93b6bae0a6d53924ebfa295fdaeb1d77,
    type: 3}
  PinPoint: {fileID: 0}
  AdditionalRenderers: []
  SortingPriorityInPanel: 0
--- !u!114 &5227547389060071194
MonoBehaviour:
  m_ObjectHideFlags: 0
  m_CorrespondingSourceObject: {fileID: 0}
  m_PrefabInstance: {fileID: 0}
  m_PrefabAsset: {fileID: 0}
  m_GameObject: {fileID: 1428533161621655416}
  m_Enabled: 1
  m_EditorHideFlags: 0
  m_Script: {fileID: 11500000, guid: 94533d393af94a6eb9ecc57d5b1dec63, type: 3}
  m_Name: 
  m_EditorClassIdentifier: 
  UniqueId: 88a26918a8b321844aa83ffca3a27f21
  UnchangableMaterial: {fileID: 0}
--- !u!114 &1332717243028580175
MonoBehaviour:
  m_ObjectHideFlags: 0
  m_CorrespondingSourceObject: {fileID: 0}
  m_PrefabInstance: {fileID: 0}
  m_PrefabAsset: {fileID: 0}
  m_GameObject: {fileID: 1428533161621655416}
  m_Enabled: 1
  m_EditorHideFlags: 0
  m_Script: {fileID: 11500000, guid: 79b7b8eaca8044b7bc4562668bc8851d, type: 3}
  m_Name: 
  m_EditorClassIdentifier: 
  StackId: 4
--- !u!1 &2196350861218378130
GameObject:
  m_ObjectHideFlags: 0
  m_CorrespondingSourceObject: {fileID: 0}
  m_PrefabInstance: {fileID: 0}
  m_PrefabAsset: {fileID: 0}
  serializedVersion: 6
  m_Component:
  - component: {fileID: 4419848697477223414}
  - component: {fileID: 3558995829869888469}
  - component: {fileID: 478184547879549874}
  - component: {fileID: 2586701765230328615}
  - component: {fileID: 8670437279063032403}
  m_Layer: 0
  m_Name: PH4_Hammer
  m_TagString: Untagged
  m_Icon: {fileID: 0}
  m_NavMeshLayer: 0
  m_StaticEditorFlags: 0
  m_IsActive: 1
--- !u!4 &4419848697477223414
Transform:
  m_ObjectHideFlags: 0
  m_CorrespondingSourceObject: {fileID: 0}
  m_PrefabInstance: {fileID: 0}
  m_PrefabAsset: {fileID: 0}
  m_GameObject: {fileID: 2196350861218378130}
  m_LocalRotation: {x: -0.0317907, y: -0.03179067, z: 0.706392, w: 0.70639163}
  m_LocalPosition: {x: -0.0000009536743, y: 2.5165176, z: -0.0000009536743}
  m_LocalScale: {x: 1, y: 0.9999999, z: 1.0000001}
  m_Children: []
  m_Father: {fileID: 5040391332512393666}
  m_RootOrder: 10
  m_LocalEulerAnglesHint: {x: 0.0000011102406, y: -16.334312, z: 90.00001}
--- !u!33 &3558995829869888469
MeshFilter:
  m_ObjectHideFlags: 0
  m_CorrespondingSourceObject: {fileID: 0}
  m_PrefabInstance: {fileID: 0}
  m_PrefabAsset: {fileID: 0}
  m_GameObject: {fileID: 2196350861218378130}
  m_Mesh: {fileID: -4409238425677096641, guid: 36b7b8c061e58a34884f451e0731430e, type: 3}
--- !u!23 &478184547879549874
MeshRenderer:
  m_ObjectHideFlags: 0
  m_CorrespondingSourceObject: {fileID: 0}
  m_PrefabInstance: {fileID: 0}
  m_PrefabAsset: {fileID: 0}
  m_GameObject: {fileID: 2196350861218378130}
  m_Enabled: 1
  m_CastShadows: 1
  m_ReceiveShadows: 1
  m_DynamicOccludee: 1
  m_MotionVectors: 1
  m_LightProbeUsage: 1
  m_ReflectionProbeUsage: 1
  m_RayTracingMode: 2
  m_RayTraceProcedural: 0
  m_RenderingLayerMask: 1
  m_RendererPriority: 0
  m_Materials:
  - {fileID: 2100000, guid: 1e3cb8ce8b921c441b7198a46d6ab6fc, type: 2}
  m_StaticBatchInfo:
    firstSubMesh: 0
    subMeshCount: 0
  m_StaticBatchRoot: {fileID: 0}
  m_ProbeAnchor: {fileID: 0}
  m_LightProbeVolumeOverride: {fileID: 0}
  m_ScaleInLightmap: 1
  m_ReceiveGI: 1
  m_PreserveUVs: 0
  m_IgnoreNormalsForChartDetection: 0
  m_ImportantGI: 0
  m_StitchLightmapSeams: 1
  m_SelectedEditorRenderState: 3
  m_MinimumChartSize: 4
  m_AutoUVMaxDistance: 0.5
  m_AutoUVMaxAngle: 89
  m_LightmapParameters: {fileID: 0}
  m_SortingLayerID: 0
  m_SortingLayer: 0
  m_SortingOrder: 0
  m_AdditionalVertexStreams: {fileID: 0}
--- !u!114 &2586701765230328615
MonoBehaviour:
  m_ObjectHideFlags: 0
  m_CorrespondingSourceObject: {fileID: 0}
  m_PrefabInstance: {fileID: 0}
  m_PrefabAsset: {fileID: 0}
  m_GameObject: {fileID: 2196350861218378130}
  m_Enabled: 1
  m_EditorHideFlags: 0
  m_Script: {fileID: 11500000, guid: 04bc1a2ad9de48179fd3be8e6e14cbb4, type: 3}
  m_Name: 
  m_EditorClassIdentifier: 
  IconPrefab: {fileID: 2903166276078402130, guid: 8982ef635599e0a45b7c78bb410dd9ba,
    type: 3}
  PinPoint: {fileID: 0}
  AdditionalRenderers: []
  SortingPriorityInPanel: 0
--- !u!114 &8670437279063032403
MonoBehaviour:
  m_ObjectHideFlags: 0
  m_CorrespondingSourceObject: {fileID: 0}
  m_PrefabInstance: {fileID: 0}
  m_PrefabAsset: {fileID: 0}
  m_GameObject: {fileID: 2196350861218378130}
  m_Enabled: 1
  m_EditorHideFlags: 0
  m_Script: {fileID: 11500000, guid: 94533d393af94a6eb9ecc57d5b1dec63, type: 3}
  m_Name: 
  m_EditorClassIdentifier: 
  UniqueId: a15b61c7bee6fd748b57b03001cf3582
  UnchangableMaterial: {fileID: 0}
--- !u!1 &2391467230874890848
GameObject:
  m_ObjectHideFlags: 0
  m_CorrespondingSourceObject: {fileID: 0}
  m_PrefabInstance: {fileID: 0}
  m_PrefabAsset: {fileID: 0}
  serializedVersion: 6
  m_Component:
  - component: {fileID: 1476972195581743506}
  - component: {fileID: 941035890475029863}
  - component: {fileID: 2969782709040164408}
  - component: {fileID: 7900186236560993431}
  - component: {fileID: 1245426684576383021}
  - component: {fileID: 6158496700730162344}
  m_Layer: 0
  m_Name: PH4_Ramp2
  m_TagString: Untagged
  m_Icon: {fileID: 0}
  m_NavMeshLayer: 0
  m_StaticEditorFlags: 0
  m_IsActive: 1
--- !u!4 &1476972195581743506
Transform:
  m_ObjectHideFlags: 0
  m_CorrespondingSourceObject: {fileID: 0}
  m_PrefabInstance: {fileID: 0}
  m_PrefabAsset: {fileID: 0}
  m_GameObject: {fileID: 2391467230874890848}
  m_LocalRotation: {x: -0.000000007450581, y: 1, z: -0.000000033527613, w: 0.00000020861626}
  m_LocalPosition: {x: 0.43064594, y: 2.0045452, z: -0.008185387}
  m_LocalScale: {x: 1, y: 1, z: 1}
  m_Children: []
  m_Father: {fileID: 5040391332512393666}
  m_RootOrder: 4
  m_LocalEulerAnglesHint: {x: 0, y: 0, z: 0}
--- !u!33 &941035890475029863
MeshFilter:
  m_ObjectHideFlags: 0
  m_CorrespondingSourceObject: {fileID: 0}
  m_PrefabInstance: {fileID: 0}
  m_PrefabAsset: {fileID: 0}
  m_GameObject: {fileID: 2391467230874890848}
  m_Mesh: {fileID: 3713173456454855257, guid: 36b7b8c061e58a34884f451e0731430e, type: 3}
--- !u!23 &2969782709040164408
MeshRenderer:
  m_ObjectHideFlags: 0
  m_CorrespondingSourceObject: {fileID: 0}
  m_PrefabInstance: {fileID: 0}
  m_PrefabAsset: {fileID: 0}
  m_GameObject: {fileID: 2391467230874890848}
  m_Enabled: 1
  m_CastShadows: 1
  m_ReceiveShadows: 1
  m_DynamicOccludee: 1
  m_MotionVectors: 1
  m_LightProbeUsage: 1
  m_ReflectionProbeUsage: 1
  m_RayTracingMode: 2
  m_RayTraceProcedural: 0
  m_RenderingLayerMask: 1
  m_RendererPriority: 0
  m_Materials:
  - {fileID: 2100000, guid: 1e3cb8ce8b921c441b7198a46d6ab6fc, type: 2}
  m_StaticBatchInfo:
    firstSubMesh: 0
    subMeshCount: 0
  m_StaticBatchRoot: {fileID: 0}
  m_ProbeAnchor: {fileID: 0}
  m_LightProbeVolumeOverride: {fileID: 0}
  m_ScaleInLightmap: 1
  m_ReceiveGI: 1
  m_PreserveUVs: 0
  m_IgnoreNormalsForChartDetection: 0
  m_ImportantGI: 0
  m_StitchLightmapSeams: 1
  m_SelectedEditorRenderState: 3
  m_MinimumChartSize: 4
  m_AutoUVMaxDistance: 0.5
  m_AutoUVMaxAngle: 89
  m_LightmapParameters: {fileID: 0}
  m_SortingLayerID: 0
  m_SortingLayer: 0
  m_SortingOrder: 0
  m_AdditionalVertexStreams: {fileID: 0}
--- !u!114 &7900186236560993431
MonoBehaviour:
  m_ObjectHideFlags: 0
  m_CorrespondingSourceObject: {fileID: 0}
  m_PrefabInstance: {fileID: 0}
  m_PrefabAsset: {fileID: 0}
  m_GameObject: {fileID: 2391467230874890848}
  m_Enabled: 1
  m_EditorHideFlags: 0
  m_Script: {fileID: 11500000, guid: 04bc1a2ad9de48179fd3be8e6e14cbb4, type: 3}
  m_Name: 
  m_EditorClassIdentifier: 
  IconPrefab: {fileID: 1749292690027074478, guid: 61fe8e08308e37043b1214ec69fe1dd0,
    type: 3}
  PinPoint: {fileID: 0}
  AdditionalRenderers: []
  SortingPriorityInPanel: 0
--- !u!114 &1245426684576383021
MonoBehaviour:
  m_ObjectHideFlags: 0
  m_CorrespondingSourceObject: {fileID: 0}
  m_PrefabInstance: {fileID: 0}
  m_PrefabAsset: {fileID: 0}
  m_GameObject: {fileID: 2391467230874890848}
  m_Enabled: 1
  m_EditorHideFlags: 0
  m_Script: {fileID: 11500000, guid: 94533d393af94a6eb9ecc57d5b1dec63, type: 3}
  m_Name: 
  m_EditorClassIdentifier: 
  UniqueId: ec75b77c9458b8049940883aadd14199
  UnchangableMaterial: {fileID: 0}
--- !u!114 &6158496700730162344
MonoBehaviour:
  m_ObjectHideFlags: 0
  m_CorrespondingSourceObject: {fileID: 0}
  m_PrefabInstance: {fileID: 0}
  m_PrefabAsset: {fileID: 0}
  m_GameObject: {fileID: 2391467230874890848}
  m_Enabled: 1
  m_EditorHideFlags: 0
  m_Script: {fileID: 11500000, guid: 79b7b8eaca8044b7bc4562668bc8851d, type: 3}
  m_Name: 
  m_EditorClassIdentifier: 
  StackId: 1
--- !u!1 &2833951909936976802
GameObject:
  m_ObjectHideFlags: 0
  m_CorrespondingSourceObject: {fileID: 0}
  m_PrefabInstance: {fileID: 0}
  m_PrefabAsset: {fileID: 0}
  serializedVersion: 6
  m_Component:
  - component: {fileID: 8196588615380078960}
  - component: {fileID: 9056132813522223679}
  - component: {fileID: 3061387456637605466}
  - component: {fileID: 2293180130410126606}
  - component: {fileID: 6220746370494490461}
  m_Layer: 0
  m_Name: PH4_Base_Add
  m_TagString: Untagged
  m_Icon: {fileID: 0}
  m_NavMeshLayer: 0
  m_StaticEditorFlags: 0
  m_IsActive: 1
--- !u!4 &8196588615380078960
Transform:
  m_ObjectHideFlags: 0
  m_CorrespondingSourceObject: {fileID: 0}
  m_PrefabInstance: {fileID: 0}
  m_PrefabAsset: {fileID: 0}
  m_GameObject: {fileID: 2833951909936976802}
  m_LocalRotation: {x: 0.0000000037252903, y: 0.00000023841858, z: 0.000000007450581,
    w: 1}
  m_LocalPosition: {x: -0, y: 2.2944431, z: -0}
  m_LocalScale: {x: 1, y: 1, z: 1}
  m_Children: []
  m_Father: {fileID: 5040391332512393666}
  m_RootOrder: 2
  m_LocalEulerAnglesHint: {x: 0, y: -11.180642, z: 0}
--- !u!33 &9056132813522223679
MeshFilter:
  m_ObjectHideFlags: 0
  m_CorrespondingSourceObject: {fileID: 0}
  m_PrefabInstance: {fileID: 0}
  m_PrefabAsset: {fileID: 0}
  m_GameObject: {fileID: 2833951909936976802}
  m_Mesh: {fileID: -4786830139266843497, guid: 36b7b8c061e58a34884f451e0731430e, type: 3}
--- !u!23 &3061387456637605466
MeshRenderer:
  m_ObjectHideFlags: 0
  m_CorrespondingSourceObject: {fileID: 0}
  m_PrefabInstance: {fileID: 0}
  m_PrefabAsset: {fileID: 0}
  m_GameObject: {fileID: 2833951909936976802}
  m_Enabled: 1
  m_CastShadows: 1
  m_ReceiveShadows: 1
  m_DynamicOccludee: 1
  m_MotionVectors: 1
  m_LightProbeUsage: 1
  m_ReflectionProbeUsage: 1
  m_RayTracingMode: 2
  m_RayTraceProcedural: 0
  m_RenderingLayerMask: 1
  m_RendererPriority: 0
  m_Materials:
  - {fileID: 2100000, guid: 1e3cb8ce8b921c441b7198a46d6ab6fc, type: 2}
  m_StaticBatchInfo:
    firstSubMesh: 0
    subMeshCount: 0
  m_StaticBatchRoot: {fileID: 0}
  m_ProbeAnchor: {fileID: 0}
  m_LightProbeVolumeOverride: {fileID: 0}
  m_ScaleInLightmap: 1
  m_ReceiveGI: 1
  m_PreserveUVs: 0
  m_IgnoreNormalsForChartDetection: 0
  m_ImportantGI: 0
  m_StitchLightmapSeams: 1
  m_SelectedEditorRenderState: 3
  m_MinimumChartSize: 4
  m_AutoUVMaxDistance: 0.5
  m_AutoUVMaxAngle: 89
  m_LightmapParameters: {fileID: 0}
  m_SortingLayerID: 0
  m_SortingLayer: 0
  m_SortingOrder: 0
  m_AdditionalVertexStreams: {fileID: 0}
--- !u!114 &2293180130410126606
MonoBehaviour:
  m_ObjectHideFlags: 0
  m_CorrespondingSourceObject: {fileID: 0}
  m_PrefabInstance: {fileID: 0}
  m_PrefabAsset: {fileID: 0}
  m_GameObject: {fileID: 2833951909936976802}
  m_Enabled: 1
  m_EditorHideFlags: 0
  m_Script: {fileID: 11500000, guid: 04bc1a2ad9de48179fd3be8e6e14cbb4, type: 3}
  m_Name: 
  m_EditorClassIdentifier: 
  IconPrefab: {fileID: 4826854813492154657, guid: 57941dccf24f21f4289d13f7f8ad3796,
    type: 3}
  PinPoint: {fileID: 0}
  AdditionalRenderers: []
  SortingPriorityInPanel: 0
--- !u!114 &6220746370494490461
MonoBehaviour:
  m_ObjectHideFlags: 0
  m_CorrespondingSourceObject: {fileID: 0}
  m_PrefabInstance: {fileID: 0}
  m_PrefabAsset: {fileID: 0}
  m_GameObject: {fileID: 2833951909936976802}
  m_Enabled: 1
  m_EditorHideFlags: 0
  m_Script: {fileID: 11500000, guid: 94533d393af94a6eb9ecc57d5b1dec63, type: 3}
  m_Name: 
  m_EditorClassIdentifier: 
  UniqueId: 456f353aa6f3e2f449490e8e5b0621eb
  UnchangableMaterial: {fileID: 0}
--- !u!1 &3035104151687380381
GameObject:
  m_ObjectHideFlags: 0
  m_CorrespondingSourceObject: {fileID: 0}
  m_PrefabInstance: {fileID: 0}
  m_PrefabAsset: {fileID: 0}
  serializedVersion: 6
  m_Component:
  - component: {fileID: 4456323457136320624}
  - component: {fileID: 7927315170242253091}
  - component: {fileID: 2676176237375739126}
  - component: {fileID: 7514539586796012156}
  m_Layer: 0
  m_Name: PH4_Stand_lid
  m_TagString: Untagged
  m_Icon: {fileID: 0}
  m_NavMeshLayer: 0
  m_StaticEditorFlags: 0
  m_IsActive: 1
--- !u!4 &4456323457136320624
Transform:
  m_ObjectHideFlags: 0
  m_CorrespondingSourceObject: {fileID: 0}
  m_PrefabInstance: {fileID: 0}
  m_PrefabAsset: {fileID: 0}
  m_GameObject: {fileID: 3035104151687380381}
  m_LocalRotation: {x: 0, y: -0, z: -0, w: 1}
  m_LocalPosition: {x: 0.0036531761, y: 1.8300595, z: -0.0014333716}
  m_LocalScale: {x: 1, y: 1, z: 1}
  m_Children: []
  m_Father: {fileID: 5040391332512393666}
  m_RootOrder: 15
  m_LocalEulerAnglesHint: {x: 0, y: 0, z: 0}
--- !u!33 &7927315170242253091
MeshFilter:
  m_ObjectHideFlags: 0
  m_CorrespondingSourceObject: {fileID: 0}
  m_PrefabInstance: {fileID: 0}
  m_PrefabAsset: {fileID: 0}
  m_GameObject: {fileID: 3035104151687380381}
  m_Mesh: {fileID: -5180842510522068907, guid: 36b7b8c061e58a34884f451e0731430e, type: 3}
--- !u!23 &2676176237375739126
MeshRenderer:
  m_ObjectHideFlags: 0
  m_CorrespondingSourceObject: {fileID: 0}
  m_PrefabInstance: {fileID: 0}
  m_PrefabAsset: {fileID: 0}
  m_GameObject: {fileID: 3035104151687380381}
  m_Enabled: 1
  m_CastShadows: 1
  m_ReceiveShadows: 1
  m_DynamicOccludee: 1
  m_MotionVectors: 1
  m_LightProbeUsage: 1
  m_ReflectionProbeUsage: 1
  m_RayTracingMode: 2
  m_RayTraceProcedural: 0
  m_RenderingLayerMask: 1
  m_RendererPriority: 0
  m_Materials:
  - {fileID: 2100000, guid: cea66b4af496824408ddc3310d8db156, type: 2}
  m_StaticBatchInfo:
    firstSubMesh: 0
    subMeshCount: 0
  m_StaticBatchRoot: {fileID: 0}
  m_ProbeAnchor: {fileID: 0}
  m_LightProbeVolumeOverride: {fileID: 0}
  m_ScaleInLightmap: 1
  m_ReceiveGI: 1
  m_PreserveUVs: 0
  m_IgnoreNormalsForChartDetection: 0
  m_ImportantGI: 0
  m_StitchLightmapSeams: 1
  m_SelectedEditorRenderState: 3
  m_MinimumChartSize: 4
  m_AutoUVMaxDistance: 0.5
  m_AutoUVMaxAngle: 89
  m_LightmapParameters: {fileID: 0}
  m_SortingLayerID: 0
  m_SortingLayer: 0
  m_SortingOrder: 0
  m_AdditionalVertexStreams: {fileID: 0}
--- !u!114 &7514539586796012156
MonoBehaviour:
  m_ObjectHideFlags: 0
  m_CorrespondingSourceObject: {fileID: 0}
  m_PrefabInstance: {fileID: 0}
  m_PrefabAsset: {fileID: 0}
  m_GameObject: {fileID: 3035104151687380381}
  m_Enabled: 1
  m_EditorHideFlags: 0
  m_Script: {fileID: 11500000, guid: a7333d57c9b37414dbd9bb1e5bf1b216, type: 3}
  m_Name: 
  m_EditorClassIdentifier: 
--- !u!1 &3296152878452403825
GameObject:
  m_ObjectHideFlags: 0
  m_CorrespondingSourceObject: {fileID: 0}
  m_PrefabInstance: {fileID: 0}
  m_PrefabAsset: {fileID: 0}
  serializedVersion: 6
  m_Component:
  - component: {fileID: 5848205450114210608}
  - component: {fileID: 7914050559966046226}
  - component: {fileID: 8233919183621969991}
  - component: {fileID: 3138277448974316627}
  - component: {fileID: 5015526682836693947}
  - component: {fileID: 5895566487512717804}
  m_Layer: 0
  m_Name: PH4_Hammer.R
  m_TagString: Untagged
  m_Icon: {fileID: 0}
  m_NavMeshLayer: 0
  m_StaticEditorFlags: 0
  m_IsActive: 1
--- !u!4 &5848205450114210608
Transform:
  m_ObjectHideFlags: 0
  m_CorrespondingSourceObject: {fileID: 0}
  m_PrefabInstance: {fileID: 0}
  m_PrefabAsset: {fileID: 0}
  m_GameObject: {fileID: 3296152878452403825}
  m_LocalRotation: {x: -0.0317907, y: -0.03179067, z: 0.706392, w: 0.70639163}
  m_LocalPosition: {x: -0.80158424, y: 2.5152292, z: -0.07229519}
  m_LocalScale: {x: 1, y: 0.9999999, z: 1.0000001}
  m_Children: []
  m_Father: {fileID: 5040391332512393666}
  m_RootOrder: 12
  m_LocalEulerAnglesHint: {x: 0.0000023611944, y: -19.410032, z: 89.99999}
--- !u!33 &7914050559966046226
MeshFilter:
  m_ObjectHideFlags: 0
  m_CorrespondingSourceObject: {fileID: 0}
  m_PrefabInstance: {fileID: 0}
  m_PrefabAsset: {fileID: 0}
  m_GameObject: {fileID: 3296152878452403825}
  m_Mesh: {fileID: -7424892375755054735, guid: 36b7b8c061e58a34884f451e0731430e, type: 3}
--- !u!23 &8233919183621969991
MeshRenderer:
  m_ObjectHideFlags: 0
  m_CorrespondingSourceObject: {fileID: 0}
  m_PrefabInstance: {fileID: 0}
  m_PrefabAsset: {fileID: 0}
  m_GameObject: {fileID: 3296152878452403825}
  m_Enabled: 1
  m_CastShadows: 1
  m_ReceiveShadows: 1
  m_DynamicOccludee: 1
  m_MotionVectors: 1
  m_LightProbeUsage: 1
  m_ReflectionProbeUsage: 1
  m_RayTracingMode: 2
  m_RayTraceProcedural: 0
  m_RenderingLayerMask: 1
  m_RendererPriority: 0
  m_Materials:
  - {fileID: 2100000, guid: 1e3cb8ce8b921c441b7198a46d6ab6fc, type: 2}
  m_StaticBatchInfo:
    firstSubMesh: 0
    subMeshCount: 0
  m_StaticBatchRoot: {fileID: 0}
  m_ProbeAnchor: {fileID: 0}
  m_LightProbeVolumeOverride: {fileID: 0}
  m_ScaleInLightmap: 1
  m_ReceiveGI: 1
  m_PreserveUVs: 0
  m_IgnoreNormalsForChartDetection: 0
  m_ImportantGI: 0
  m_StitchLightmapSeams: 1
  m_SelectedEditorRenderState: 3
  m_MinimumChartSize: 4
  m_AutoUVMaxDistance: 0.5
  m_AutoUVMaxAngle: 89
  m_LightmapParameters: {fileID: 0}
  m_SortingLayerID: 0
  m_SortingLayer: 0
  m_SortingOrder: 0
  m_AdditionalVertexStreams: {fileID: 0}
--- !u!114 &3138277448974316627
MonoBehaviour:
  m_ObjectHideFlags: 0
  m_CorrespondingSourceObject: {fileID: 0}
  m_PrefabInstance: {fileID: 0}
  m_PrefabAsset: {fileID: 0}
  m_GameObject: {fileID: 3296152878452403825}
  m_Enabled: 1
  m_EditorHideFlags: 0
  m_Script: {fileID: 11500000, guid: 04bc1a2ad9de48179fd3be8e6e14cbb4, type: 3}
  m_Name: 
  m_EditorClassIdentifier: 
  IconPrefab: {fileID: 4052120045067735319, guid: 94e930c63126963458dfeff3e5a6c3ca,
    type: 3}
  PinPoint: {fileID: 0}
  AdditionalRenderers: []
  SortingPriorityInPanel: 0
--- !u!114 &5015526682836693947
MonoBehaviour:
  m_ObjectHideFlags: 0
  m_CorrespondingSourceObject: {fileID: 0}
  m_PrefabInstance: {fileID: 0}
  m_PrefabAsset: {fileID: 0}
  m_GameObject: {fileID: 3296152878452403825}
  m_Enabled: 1
  m_EditorHideFlags: 0
  m_Script: {fileID: 11500000, guid: 94533d393af94a6eb9ecc57d5b1dec63, type: 3}
  m_Name: 
  m_EditorClassIdentifier: 
  UniqueId: 600aa9a9f27a0bc4fabf5a3eb4e2f09f
  UnchangableMaterial: {fileID: 0}
--- !u!114 &5895566487512717804
MonoBehaviour:
  m_ObjectHideFlags: 0
  m_CorrespondingSourceObject: {fileID: 0}
  m_PrefabInstance: {fileID: 0}
  m_PrefabAsset: {fileID: 0}
  m_GameObject: {fileID: 3296152878452403825}
  m_Enabled: 1
  m_EditorHideFlags: 0
  m_Script: {fileID: 11500000, guid: 79b7b8eaca8044b7bc4562668bc8851d, type: 3}
  m_Name: 
  m_EditorClassIdentifier: 
  StackId: 2
--- !u!1 &3589931735910986948
GameObject:
  m_ObjectHideFlags: 0
  m_CorrespondingSourceObject: {fileID: 0}
  m_PrefabInstance: {fileID: 0}
  m_PrefabAsset: {fileID: 0}
  serializedVersion: 6
  m_Component:
  - component: {fileID: 3925277472490899859}
  - component: {fileID: 4274026535767908863}
  - component: {fileID: 4222513430739611458}
  - component: {fileID: 4352717089697714751}
  - component: {fileID: 4390349859482674731}
  - component: {fileID: 6206720773159606940}
  m_Layer: 0
  m_Name: PH4_Ball2.001
  m_TagString: Untagged
  m_Icon: {fileID: 0}
  m_NavMeshLayer: 0
  m_StaticEditorFlags: 0
  m_IsActive: 1
--- !u!4 &3925277472490899859
Transform:
  m_ObjectHideFlags: 0
  m_CorrespondingSourceObject: {fileID: 0}
  m_PrefabInstance: {fileID: 0}
  m_PrefabAsset: {fileID: 0}
  m_GameObject: {fileID: 3589931735910986948}
  m_LocalRotation: {x: 0.000000029802322, y: -0.00000062584877, z: -0.000000007450581,
    w: 1}
  m_LocalPosition: {x: 0.014759064, y: 1.8306713, z: 0.84775066}
  m_LocalScale: {x: 1, y: 1, z: 1}
  m_Children: []
  m_Father: {fileID: 5040391332512393666}
  m_RootOrder: 14
  m_LocalEulerAnglesHint: {x: -6.3817663e-18, y: -0.00007467734, z: -4.896375e-12}
--- !u!33 &4274026535767908863
MeshFilter:
  m_ObjectHideFlags: 0
  m_CorrespondingSourceObject: {fileID: 0}
  m_PrefabInstance: {fileID: 0}
  m_PrefabAsset: {fileID: 0}
  m_GameObject: {fileID: 3589931735910986948}
  m_Mesh: {fileID: 2961071141976314635, guid: 36b7b8c061e58a34884f451e0731430e, type: 3}
--- !u!23 &4222513430739611458
MeshRenderer:
  m_ObjectHideFlags: 0
  m_CorrespondingSourceObject: {fileID: 0}
  m_PrefabInstance: {fileID: 0}
  m_PrefabAsset: {fileID: 0}
  m_GameObject: {fileID: 3589931735910986948}
  m_Enabled: 1
  m_CastShadows: 1
  m_ReceiveShadows: 1
  m_DynamicOccludee: 1
  m_MotionVectors: 1
  m_LightProbeUsage: 1
  m_ReflectionProbeUsage: 1
  m_RayTracingMode: 2
  m_RayTraceProcedural: 0
  m_RenderingLayerMask: 1
  m_RendererPriority: 0
  m_Materials:
  - {fileID: 2100000, guid: 1e3cb8ce8b921c441b7198a46d6ab6fc, type: 2}
  m_StaticBatchInfo:
    firstSubMesh: 0
    subMeshCount: 0
  m_StaticBatchRoot: {fileID: 0}
  m_ProbeAnchor: {fileID: 0}
  m_LightProbeVolumeOverride: {fileID: 0}
  m_ScaleInLightmap: 1
  m_ReceiveGI: 1
  m_PreserveUVs: 0
  m_IgnoreNormalsForChartDetection: 0
  m_ImportantGI: 0
  m_StitchLightmapSeams: 1
  m_SelectedEditorRenderState: 3
  m_MinimumChartSize: 4
  m_AutoUVMaxDistance: 0.5
  m_AutoUVMaxAngle: 89
  m_LightmapParameters: {fileID: 0}
  m_SortingLayerID: 0
  m_SortingLayer: 0
  m_SortingOrder: 0
  m_AdditionalVertexStreams: {fileID: 0}
--- !u!114 &4352717089697714751
MonoBehaviour:
  m_ObjectHideFlags: 0
  m_CorrespondingSourceObject: {fileID: 0}
  m_PrefabInstance: {fileID: 0}
  m_PrefabAsset: {fileID: 0}
  m_GameObject: {fileID: 3589931735910986948}
  m_Enabled: 1
  m_EditorHideFlags: 0
  m_Script: {fileID: 11500000, guid: 04bc1a2ad9de48179fd3be8e6e14cbb4, type: 3}
  m_Name: 
  m_EditorClassIdentifier: 
  IconPrefab: {fileID: 8369485660185665158, guid: 4c088a8dfa2002c498d95133dad56c13,
    type: 3}
  PinPoint: {fileID: 0}
  AdditionalRenderers: []
  SortingPriorityInPanel: 0
--- !u!114 &4390349859482674731
MonoBehaviour:
  m_ObjectHideFlags: 0
  m_CorrespondingSourceObject: {fileID: 0}
  m_PrefabInstance: {fileID: 0}
  m_PrefabAsset: {fileID: 0}
  m_GameObject: {fileID: 3589931735910986948}
  m_Enabled: 1
  m_EditorHideFlags: 0
  m_Script: {fileID: 11500000, guid: 94533d393af94a6eb9ecc57d5b1dec63, type: 3}
  m_Name: 
  m_EditorClassIdentifier: 
  UniqueId: 2d221faf897c0fb44bcffc7923cfacc5
  UnchangableMaterial: {fileID: 0}
--- !u!114 &6206720773159606940
MonoBehaviour:
  m_ObjectHideFlags: 0
  m_CorrespondingSourceObject: {fileID: 0}
  m_PrefabInstance: {fileID: 0}
  m_PrefabAsset: {fileID: 0}
  m_GameObject: {fileID: 3589931735910986948}
  m_Enabled: 1
  m_EditorHideFlags: 0
  m_Script: {fileID: 11500000, guid: 79b7b8eaca8044b7bc4562668bc8851d, type: 3}
  m_Name: 
  m_EditorClassIdentifier: 
  StackId: 5
--- !u!1 &4536102272743176177
GameObject:
  m_ObjectHideFlags: 0
  m_CorrespondingSourceObject: {fileID: 0}
  m_PrefabInstance: {fileID: 0}
  m_PrefabAsset: {fileID: 0}
  serializedVersion: 6
  m_Component:
  - component: {fileID: 3020267188291414308}
  - component: {fileID: 1830834071008378215}
  - component: {fileID: 7588539767343040075}
  - component: {fileID: 1369384163302252731}
  - component: {fileID: 3958764871827100259}
  m_Layer: 0
  m_Name: PH4_Hammer_Holder
  m_TagString: Untagged
  m_Icon: {fileID: 0}
  m_NavMeshLayer: 0
  m_StaticEditorFlags: 0
  m_IsActive: 1
--- !u!4 &3020267188291414308
Transform:
  m_ObjectHideFlags: 0
  m_CorrespondingSourceObject: {fileID: 0}
  m_PrefabInstance: {fileID: 0}
  m_PrefabAsset: {fileID: 0}
  m_GameObject: {fileID: 4536102272743176177}
  m_LocalRotation: {x: -0, y: -0, z: 0.000000007450581, w: 1}
  m_LocalPosition: {x: -0, y: 2.1679163, z: 0}
  m_LocalScale: {x: 1, y: 1, z: 1}
  m_Children: []
  m_Father: {fileID: 5040391332512393666}
  m_RootOrder: 9
  m_LocalEulerAnglesHint: {x: 0, y: 0, z: 0}
--- !u!33 &1830834071008378215
MeshFilter:
  m_ObjectHideFlags: 0
  m_CorrespondingSourceObject: {fileID: 0}
  m_PrefabInstance: {fileID: 0}
  m_PrefabAsset: {fileID: 0}
  m_GameObject: {fileID: 4536102272743176177}
  m_Mesh: {fileID: 7178206655535221227, guid: 36b7b8c061e58a34884f451e0731430e, type: 3}
--- !u!23 &7588539767343040075
MeshRenderer:
  m_ObjectHideFlags: 0
  m_CorrespondingSourceObject: {fileID: 0}
  m_PrefabInstance: {fileID: 0}
  m_PrefabAsset: {fileID: 0}
  m_GameObject: {fileID: 4536102272743176177}
  m_Enabled: 1
  m_CastShadows: 1
  m_ReceiveShadows: 1
  m_DynamicOccludee: 1
  m_MotionVectors: 1
  m_LightProbeUsage: 1
  m_ReflectionProbeUsage: 1
  m_RayTracingMode: 2
  m_RayTraceProcedural: 0
  m_RenderingLayerMask: 1
  m_RendererPriority: 0
  m_Materials:
  - {fileID: 2100000, guid: 1e3cb8ce8b921c441b7198a46d6ab6fc, type: 2}
  m_StaticBatchInfo:
    firstSubMesh: 0
    subMeshCount: 0
  m_StaticBatchRoot: {fileID: 0}
  m_ProbeAnchor: {fileID: 0}
  m_LightProbeVolumeOverride: {fileID: 0}
  m_ScaleInLightmap: 1
  m_ReceiveGI: 1
  m_PreserveUVs: 0
  m_IgnoreNormalsForChartDetection: 0
  m_ImportantGI: 0
  m_StitchLightmapSeams: 1
  m_SelectedEditorRenderState: 3
  m_MinimumChartSize: 4
  m_AutoUVMaxDistance: 0.5
  m_AutoUVMaxAngle: 89
  m_LightmapParameters: {fileID: 0}
  m_SortingLayerID: 0
  m_SortingLayer: 0
  m_SortingOrder: 0
  m_AdditionalVertexStreams: {fileID: 0}
--- !u!114 &1369384163302252731
MonoBehaviour:
  m_ObjectHideFlags: 0
  m_CorrespondingSourceObject: {fileID: 0}
  m_PrefabInstance: {fileID: 0}
  m_PrefabAsset: {fileID: 0}
  m_GameObject: {fileID: 4536102272743176177}
  m_Enabled: 1
  m_EditorHideFlags: 0
  m_Script: {fileID: 11500000, guid: 04bc1a2ad9de48179fd3be8e6e14cbb4, type: 3}
  m_Name: 
  m_EditorClassIdentifier: 
  IconPrefab: {fileID: 6309864791262100774, guid: 5c537678b174bb744988b5e6a947ac7b,
    type: 3}
  PinPoint: {fileID: 0}
  AdditionalRenderers: []
  SortingPriorityInPanel: 0
--- !u!114 &3958764871827100259
MonoBehaviour:
  m_ObjectHideFlags: 0
  m_CorrespondingSourceObject: {fileID: 0}
  m_PrefabInstance: {fileID: 0}
  m_PrefabAsset: {fileID: 0}
  m_GameObject: {fileID: 4536102272743176177}
  m_Enabled: 1
  m_EditorHideFlags: 0
  m_Script: {fileID: 11500000, guid: 94533d393af94a6eb9ecc57d5b1dec63, type: 3}
  m_Name: 
  m_EditorClassIdentifier: 
  UniqueId: 3deed85da55ccb24a967d2a774001b8a
  UnchangableMaterial: {fileID: 0}
--- !u!1 &5464971321576493750
GameObject:
  m_ObjectHideFlags: 0
  m_CorrespondingSourceObject: {fileID: 0}
  m_PrefabInstance: {fileID: 0}
  m_PrefabAsset: {fileID: 0}
  serializedVersion: 6
  m_Component:
  - component: {fileID: 2891643934809733171}
  - component: {fileID: 8616088803792335773}
  - component: {fileID: 194214547638069138}
  - component: {fileID: 3909391603239918380}
  - component: {fileID: 5785735367261118549}
  - component: {fileID: 1697929559092524916}
  m_Layer: 0
  m_Name: PH4_Gun2_Base
  m_TagString: Untagged
  m_Icon: {fileID: 0}
  m_NavMeshLayer: 0
  m_StaticEditorFlags: 0
  m_IsActive: 1
--- !u!4 &2891643934809733171
Transform:
  m_ObjectHideFlags: 0
  m_CorrespondingSourceObject: {fileID: 0}
  m_PrefabInstance: {fileID: 0}
  m_PrefabAsset: {fileID: 0}
  m_GameObject: {fileID: 5464971321576493750}
  m_LocalRotation: {x: -0, y: -0, z: 0.000000007450581, w: 1}
  m_LocalPosition: {x: -0, y: 1.9112291, z: -0.84533215}
  m_LocalScale: {x: 1, y: 1, z: 1}
  m_Children: []
  m_Father: {fileID: 5040391332512393666}
  m_RootOrder: 8
  m_LocalEulerAnglesHint: {x: 0, y: 0, z: 0}
--- !u!33 &8616088803792335773
MeshFilter:
  m_ObjectHideFlags: 0
  m_CorrespondingSourceObject: {fileID: 0}
  m_PrefabInstance: {fileID: 0}
  m_PrefabAsset: {fileID: 0}
  m_GameObject: {fileID: 5464971321576493750}
  m_Mesh: {fileID: 8233849040455554577, guid: 36b7b8c061e58a34884f451e0731430e, type: 3}
--- !u!23 &194214547638069138
MeshRenderer:
  m_ObjectHideFlags: 0
  m_CorrespondingSourceObject: {fileID: 0}
  m_PrefabInstance: {fileID: 0}
  m_PrefabAsset: {fileID: 0}
  m_GameObject: {fileID: 5464971321576493750}
  m_Enabled: 1
  m_CastShadows: 1
  m_ReceiveShadows: 1
  m_DynamicOccludee: 1
  m_MotionVectors: 1
  m_LightProbeUsage: 1
  m_ReflectionProbeUsage: 1
  m_RayTracingMode: 2
  m_RayTraceProcedural: 0
  m_RenderingLayerMask: 1
  m_RendererPriority: 0
  m_Materials:
  - {fileID: 2100000, guid: 1e3cb8ce8b921c441b7198a46d6ab6fc, type: 2}
  m_StaticBatchInfo:
    firstSubMesh: 0
    subMeshCount: 0
  m_StaticBatchRoot: {fileID: 0}
  m_ProbeAnchor: {fileID: 0}
  m_LightProbeVolumeOverride: {fileID: 0}
  m_ScaleInLightmap: 1
  m_ReceiveGI: 1
  m_PreserveUVs: 0
  m_IgnoreNormalsForChartDetection: 0
  m_ImportantGI: 0
  m_StitchLightmapSeams: 1
  m_SelectedEditorRenderState: 3
  m_MinimumChartSize: 4
  m_AutoUVMaxDistance: 0.5
  m_AutoUVMaxAngle: 89
  m_LightmapParameters: {fileID: 0}
  m_SortingLayerID: 0
  m_SortingLayer: 0
  m_SortingOrder: 0
  m_AdditionalVertexStreams: {fileID: 0}
--- !u!114 &3909391603239918380
MonoBehaviour:
  m_ObjectHideFlags: 0
  m_CorrespondingSourceObject: {fileID: 0}
  m_PrefabInstance: {fileID: 0}
  m_PrefabAsset: {fileID: 0}
  m_GameObject: {fileID: 5464971321576493750}
  m_Enabled: 1
  m_EditorHideFlags: 0
  m_Script: {fileID: 11500000, guid: 04bc1a2ad9de48179fd3be8e6e14cbb4, type: 3}
  m_Name: 
  m_EditorClassIdentifier: 
  IconPrefab: {fileID: 1539630870745398714, guid: 2393eb6be5bc452489272be7590cbf1c,
    type: 3}
  PinPoint: {fileID: 0}
  AdditionalRenderers: []
  SortingPriorityInPanel: 0
--- !u!114 &5785735367261118549
MonoBehaviour:
  m_ObjectHideFlags: 0
  m_CorrespondingSourceObject: {fileID: 0}
  m_PrefabInstance: {fileID: 0}
  m_PrefabAsset: {fileID: 0}
  m_GameObject: {fileID: 5464971321576493750}
  m_Enabled: 1
  m_EditorHideFlags: 0
  m_Script: {fileID: 11500000, guid: 94533d393af94a6eb9ecc57d5b1dec63, type: 3}
  m_Name: 
  m_EditorClassIdentifier: 
  UniqueId: 960eed7cb6f0ec649b4bd0da5792eb2c
  UnchangableMaterial: {fileID: 0}
--- !u!114 &1697929559092524916
MonoBehaviour:
  m_ObjectHideFlags: 0
  m_CorrespondingSourceObject: {fileID: 0}
  m_PrefabInstance: {fileID: 0}
  m_PrefabAsset: {fileID: 0}
  m_GameObject: {fileID: 5464971321576493750}
  m_Enabled: 1
  m_EditorHideFlags: 0
  m_Script: {fileID: 11500000, guid: 79b7b8eaca8044b7bc4562668bc8851d, type: 3}
  m_Name: 
  m_EditorClassIdentifier: 
  StackId: 3
--- !u!1 &5672496600760169336
GameObject:
  m_ObjectHideFlags: 0
  m_CorrespondingSourceObject: {fileID: 0}
  m_PrefabInstance: {fileID: 0}
  m_PrefabAsset: {fileID: 0}
  serializedVersion: 6
  m_Component:
  - component: {fileID: 5040391332512393666}
  - component: {fileID: 198716562508830519}
  m_Layer: 0
  m_Name: PH4
  m_TagString: Untagged
  m_Icon: {fileID: 0}
  m_NavMeshLayer: 0
  m_StaticEditorFlags: 0
  m_IsActive: 1
--- !u!4 &5040391332512393666
Transform:
  m_ObjectHideFlags: 0
  m_CorrespondingSourceObject: {fileID: 0}
  m_PrefabInstance: {fileID: 0}
  m_PrefabAsset: {fileID: 0}
  m_GameObject: {fileID: 5672496600760169336}
  m_LocalRotation: {x: -0, y: -0, z: -0, w: 1}
  m_LocalPosition: {x: 0, y: 0, z: 0}
  m_LocalScale: {x: 1, y: 1, z: 1}
  m_Children:
  - {fileID: 9124013285917538939}
  - {fileID: 5528410819280293206}
  - {fileID: 8196588615380078960}
  - {fileID: 736435416215978976}
  - {fileID: 1476972195581743506}
  - {fileID: 3567863096391680297}
  - {fileID: 361389119778891975}
  - {fileID: 5487070484882744316}
  - {fileID: 2891643934809733171}
  - {fileID: 3020267188291414308}
  - {fileID: 4419848697477223414}
  - {fileID: 5342792421609187598}
  - {fileID: 5848205450114210608}
  - {fileID: 7461453053699073440}
  - {fileID: 3925277472490899859}
  - {fileID: 4456323457136320624}
  - {fileID: 7773793412748276047}
  m_Father: {fileID: 7204420655173770331}
  m_RootOrder: 1
  m_LocalEulerAnglesHint: {x: 0, y: 0, z: 0}
--- !u!95 &198716562508830519
Animator:
  serializedVersion: 3
  m_ObjectHideFlags: 0
  m_CorrespondingSourceObject: {fileID: 0}
  m_PrefabInstance: {fileID: 0}
  m_PrefabAsset: {fileID: 0}
  m_GameObject: {fileID: 5672496600760169336}
  m_Enabled: 1
  m_Avatar: {fileID: 0}
  m_Controller: {fileID: 9100000, guid: 9c20f67b3899b1242bfcbf93b6cdc206, type: 2}
  m_CullingMode: 0
  m_UpdateMode: 0
  m_ApplyRootMotion: 0
  m_LinearVelocityBlending: 0
  m_WarningMessage: 
  m_HasTransformHierarchy: 1
  m_AllowConstantClipSamplingOptimization: 1
  m_KeepAnimatorControllerStateOnDisable: 0
--- !u!1 &5939493159974859741
GameObject:
  m_ObjectHideFlags: 0
  m_CorrespondingSourceObject: {fileID: 0}
  m_PrefabInstance: {fileID: 0}
  m_PrefabAsset: {fileID: 0}
  serializedVersion: 6
  m_Component:
  - component: {fileID: 3099197920878535772}
  m_Layer: 0
  m_Name: Anchor
  m_TagString: Untagged
  m_Icon: {fileID: 0}
  m_NavMeshLayer: 0
  m_StaticEditorFlags: 0
  m_IsActive: 1
--- !u!4 &3099197920878535772
Transform:
  m_ObjectHideFlags: 0
  m_CorrespondingSourceObject: {fileID: 0}
  m_PrefabInstance: {fileID: 0}
  m_PrefabAsset: {fileID: 0}
  m_GameObject: {fileID: 5939493159974859741}
  m_LocalRotation: {x: -0, y: -0, z: -0, w: 1}
  m_LocalPosition: {x: 0, y: 2.65, z: 0}
  m_LocalScale: {x: 1, y: 1, z: 1}
  m_Children: []
  m_Father: {fileID: 7204420655173770331}
  m_RootOrder: 0
  m_LocalEulerAnglesHint: {x: 0, y: 0, z: 0}
--- !u!1 &6764867276954098817
GameObject:
  m_ObjectHideFlags: 0
  m_CorrespondingSourceObject: {fileID: 0}
  m_PrefabInstance: {fileID: 0}
  m_PrefabAsset: {fileID: 0}
  serializedVersion: 6
  m_Component:
  - component: {fileID: 5487070484882744316}
  - component: {fileID: 8076353070561194374}
  - component: {fileID: 6285447035807254251}
  - component: {fileID: 7283002994998985930}
  - component: {fileID: 7961214072061836930}
  - component: {fileID: 351188390771448730}
  m_Layer: 0
  m_Name: PH4_Gun1_Base
  m_TagString: Untagged
  m_Icon: {fileID: 0}
  m_NavMeshLayer: 0
  m_StaticEditorFlags: 0
  m_IsActive: 1
--- !u!4 &5487070484882744316
Transform:
  m_ObjectHideFlags: 0
  m_CorrespondingSourceObject: {fileID: 0}
  m_PrefabInstance: {fileID: 0}
  m_PrefabAsset: {fileID: 0}
  m_GameObject: {fileID: 6764867276954098817}
  m_LocalRotation: {x: -0, y: -0, z: 0.000000007450581, w: 1}
  m_LocalPosition: {x: -0, y: 1.9112301, z: 0.84533024}
  m_LocalScale: {x: 1, y: 1, z: 1}
  m_Children: []
  m_Father: {fileID: 5040391332512393666}
  m_RootOrder: 7
  m_LocalEulerAnglesHint: {x: 0, y: 0, z: 0}
--- !u!33 &8076353070561194374
MeshFilter:
  m_ObjectHideFlags: 0
  m_CorrespondingSourceObject: {fileID: 0}
  m_PrefabInstance: {fileID: 0}
  m_PrefabAsset: {fileID: 0}
  m_GameObject: {fileID: 6764867276954098817}
  m_Mesh: {fileID: 7187791334937544451, guid: 36b7b8c061e58a34884f451e0731430e, type: 3}
--- !u!23 &6285447035807254251
MeshRenderer:
  m_ObjectHideFlags: 0
  m_CorrespondingSourceObject: {fileID: 0}
  m_PrefabInstance: {fileID: 0}
  m_PrefabAsset: {fileID: 0}
  m_GameObject: {fileID: 6764867276954098817}
  m_Enabled: 1
  m_CastShadows: 1
  m_ReceiveShadows: 1
  m_DynamicOccludee: 1
  m_MotionVectors: 1
  m_LightProbeUsage: 1
  m_ReflectionProbeUsage: 1
  m_RayTracingMode: 2
  m_RayTraceProcedural: 0
  m_RenderingLayerMask: 1
  m_RendererPriority: 0
  m_Materials:
  - {fileID: 2100000, guid: 1e3cb8ce8b921c441b7198a46d6ab6fc, type: 2}
  m_StaticBatchInfo:
    firstSubMesh: 0
    subMeshCount: 0
  m_StaticBatchRoot: {fileID: 0}
  m_ProbeAnchor: {fileID: 0}
  m_LightProbeVolumeOverride: {fileID: 0}
  m_ScaleInLightmap: 1
  m_ReceiveGI: 1
  m_PreserveUVs: 0
  m_IgnoreNormalsForChartDetection: 0
  m_ImportantGI: 0
  m_StitchLightmapSeams: 1
  m_SelectedEditorRenderState: 3
  m_MinimumChartSize: 4
  m_AutoUVMaxDistance: 0.5
  m_AutoUVMaxAngle: 89
  m_LightmapParameters: {fileID: 0}
  m_SortingLayerID: 0
  m_SortingLayer: 0
  m_SortingOrder: 0
  m_AdditionalVertexStreams: {fileID: 0}
--- !u!114 &7283002994998985930
MonoBehaviour:
  m_ObjectHideFlags: 0
  m_CorrespondingSourceObject: {fileID: 0}
  m_PrefabInstance: {fileID: 0}
  m_PrefabAsset: {fileID: 0}
  m_GameObject: {fileID: 6764867276954098817}
  m_Enabled: 1
  m_EditorHideFlags: 0
  m_Script: {fileID: 11500000, guid: 04bc1a2ad9de48179fd3be8e6e14cbb4, type: 3}
  m_Name: 
  m_EditorClassIdentifier: 
  IconPrefab: {fileID: 1766241746065578497, guid: 0174e53e7fc53dc43b7d31dccfe1180a,
    type: 3}
  PinPoint: {fileID: 0}
  AdditionalRenderers: []
  SortingPriorityInPanel: 0
--- !u!114 &7961214072061836930
MonoBehaviour:
  m_ObjectHideFlags: 0
  m_CorrespondingSourceObject: {fileID: 0}
  m_PrefabInstance: {fileID: 0}
  m_PrefabAsset: {fileID: 0}
  m_GameObject: {fileID: 6764867276954098817}
  m_Enabled: 1
  m_EditorHideFlags: 0
  m_Script: {fileID: 11500000, guid: 94533d393af94a6eb9ecc57d5b1dec63, type: 3}
  m_Name: 
  m_EditorClassIdentifier: 
  UniqueId: 7850207f1e7e1b742aa864920aaf1883
  UnchangableMaterial: {fileID: 0}
--- !u!114 &351188390771448730
MonoBehaviour:
  m_ObjectHideFlags: 0
  m_CorrespondingSourceObject: {fileID: 0}
  m_PrefabInstance: {fileID: 0}
  m_PrefabAsset: {fileID: 0}
  m_GameObject: {fileID: 6764867276954098817}
  m_Enabled: 1
  m_EditorHideFlags: 0
  m_Script: {fileID: 11500000, guid: 79b7b8eaca8044b7bc4562668bc8851d, type: 3}
  m_Name: 
  m_EditorClassIdentifier: 
  StackId: 3
--- !u!1 &7357126876382055009
GameObject:
  m_ObjectHideFlags: 0
  m_CorrespondingSourceObject: {fileID: 0}
  m_PrefabInstance: {fileID: 0}
  m_PrefabAsset: {fileID: 0}
  serializedVersion: 6
  m_Component:
  - component: {fileID: 7773793412748276047}
  - component: {fileID: 3738222172342816405}
  - component: {fileID: 6760771007809838783}
  - component: {fileID: 7092488249497751026}
  m_Layer: 0
  m_Name: PH4_Stand
  m_TagString: Untagged
  m_Icon: {fileID: 0}
  m_NavMeshLayer: 0
  m_StaticEditorFlags: 0
  m_IsActive: 1
--- !u!4 &7773793412748276047
Transform:
  m_ObjectHideFlags: 0
  m_CorrespondingSourceObject: {fileID: 0}
  m_PrefabInstance: {fileID: 0}
  m_PrefabAsset: {fileID: 0}
  m_GameObject: {fileID: 7357126876382055009}
  m_LocalRotation: {x: 0, y: -0, z: -0, w: 1}
  m_LocalPosition: {x: 0.0036531687, y: 0.73173434, z: -0.0014333911}
  m_LocalScale: {x: 1, y: 1, z: 1}
  m_Children: []
  m_Father: {fileID: 5040391332512393666}
  m_RootOrder: 16
  m_LocalEulerAnglesHint: {x: 0, y: 0, z: 0}
--- !u!33 &3738222172342816405
MeshFilter:
  m_ObjectHideFlags: 0
  m_CorrespondingSourceObject: {fileID: 0}
  m_PrefabInstance: {fileID: 0}
  m_PrefabAsset: {fileID: 0}
  m_GameObject: {fileID: 7357126876382055009}
  m_Mesh: {fileID: -507627247239625231, guid: 36b7b8c061e58a34884f451e0731430e, type: 3}
--- !u!23 &6760771007809838783
MeshRenderer:
  m_ObjectHideFlags: 0
  m_CorrespondingSourceObject: {fileID: 0}
  m_PrefabInstance: {fileID: 0}
  m_PrefabAsset: {fileID: 0}
  m_GameObject: {fileID: 7357126876382055009}
  m_Enabled: 1
  m_CastShadows: 1
  m_ReceiveShadows: 1
  m_DynamicOccludee: 1
  m_MotionVectors: 1
  m_LightProbeUsage: 1
  m_ReflectionProbeUsage: 1
  m_RayTracingMode: 2
  m_RayTraceProcedural: 0
  m_RenderingLayerMask: 1
  m_RendererPriority: 0
  m_Materials:
  - {fileID: 2100000, guid: cea66b4af496824408ddc3310d8db156, type: 2}
  m_StaticBatchInfo:
    firstSubMesh: 0
    subMeshCount: 0
  m_StaticBatchRoot: {fileID: 0}
  m_ProbeAnchor: {fileID: 0}
  m_LightProbeVolumeOverride: {fileID: 0}
  m_ScaleInLightmap: 1
  m_ReceiveGI: 1
  m_PreserveUVs: 0
  m_IgnoreNormalsForChartDetection: 0
  m_ImportantGI: 0
  m_StitchLightmapSeams: 1
  m_SelectedEditorRenderState: 3
  m_MinimumChartSize: 4
  m_AutoUVMaxDistance: 0.5
  m_AutoUVMaxAngle: 89
  m_LightmapParameters: {fileID: 0}
  m_SortingLayerID: 0
  m_SortingLayer: 0
  m_SortingOrder: 0
  m_AdditionalVertexStreams: {fileID: 0}
--- !u!114 &7092488249497751026
MonoBehaviour:
  m_ObjectHideFlags: 0
  m_CorrespondingSourceObject: {fileID: 0}
  m_PrefabInstance: {fileID: 0}
  m_PrefabAsset: {fileID: 0}
  m_GameObject: {fileID: 7357126876382055009}
  m_Enabled: 1
  m_EditorHideFlags: 0
  m_Script: {fileID: 11500000, guid: a7333d57c9b37414dbd9bb1e5bf1b216, type: 3}
  m_Name: 
  m_EditorClassIdentifier: 
--- !u!1 &7496819213625781565
GameObject:
  m_ObjectHideFlags: 0
  m_CorrespondingSourceObject: {fileID: 0}
  m_PrefabInstance: {fileID: 0}
  m_PrefabAsset: {fileID: 0}
  serializedVersion: 6
  m_Component:
  - component: {fileID: 3567863096391680297}
  - component: {fileID: 8433793236126015024}
  - component: {fileID: 8360028972495843491}
  - component: {fileID: 688402500423112962}
  - component: {fileID: 4259068922129070137}
  - component: {fileID: 1129709932083762791}
  m_Layer: 0
  m_Name: PH4_Gun1
  m_TagString: Untagged
  m_Icon: {fileID: 0}
  m_NavMeshLayer: 0
  m_StaticEditorFlags: 0
  m_IsActive: 1
--- !u!4 &3567863096391680297
Transform:
  m_ObjectHideFlags: 0
  m_CorrespondingSourceObject: {fileID: 0}
  m_PrefabInstance: {fileID: 0}
  m_PrefabAsset: {fileID: 0}
  m_GameObject: {fileID: 7496819213625781565}
  m_LocalRotation: {x: -0, y: -0, z: 0.000000007450581, w: 1}
  m_LocalPosition: {x: -0, y: 1.8379526, z: 0.84532833}
  m_LocalScale: {x: 1, y: 1, z: 1}
  m_Children: []
  m_Father: {fileID: 5040391332512393666}
  m_RootOrder: 5
  m_LocalEulerAnglesHint: {x: 0, y: 0, z: 0}
--- !u!33 &8433793236126015024
MeshFilter:
  m_ObjectHideFlags: 0
  m_CorrespondingSourceObject: {fileID: 0}
  m_PrefabInstance: {fileID: 0}
  m_PrefabAsset: {fileID: 0}
  m_GameObject: {fileID: 7496819213625781565}
  m_Mesh: {fileID: 6373959743964063937, guid: 36b7b8c061e58a34884f451e0731430e, type: 3}
--- !u!23 &8360028972495843491
MeshRenderer:
  m_ObjectHideFlags: 0
  m_CorrespondingSourceObject: {fileID: 0}
  m_PrefabInstance: {fileID: 0}
  m_PrefabAsset: {fileID: 0}
  m_GameObject: {fileID: 7496819213625781565}
  m_Enabled: 1
  m_CastShadows: 1
  m_ReceiveShadows: 1
  m_DynamicOccludee: 1
  m_MotionVectors: 1
  m_LightProbeUsage: 1
  m_ReflectionProbeUsage: 1
  m_RayTracingMode: 2
  m_RayTraceProcedural: 0
  m_RenderingLayerMask: 1
  m_RendererPriority: 0
  m_Materials:
  - {fileID: 2100000, guid: 1e3cb8ce8b921c441b7198a46d6ab6fc, type: 2}
  m_StaticBatchInfo:
    firstSubMesh: 0
    subMeshCount: 0
  m_StaticBatchRoot: {fileID: 0}
  m_ProbeAnchor: {fileID: 0}
  m_LightProbeVolumeOverride: {fileID: 0}
  m_ScaleInLightmap: 1
  m_ReceiveGI: 1
  m_PreserveUVs: 0
  m_IgnoreNormalsForChartDetection: 0
  m_ImportantGI: 0
  m_StitchLightmapSeams: 1
  m_SelectedEditorRenderState: 3
  m_MinimumChartSize: 4
  m_AutoUVMaxDistance: 0.5
  m_AutoUVMaxAngle: 89
  m_LightmapParameters: {fileID: 0}
  m_SortingLayerID: 0
  m_SortingLayer: 0
  m_SortingOrder: 0
  m_AdditionalVertexStreams: {fileID: 0}
--- !u!114 &688402500423112962
MonoBehaviour:
  m_ObjectHideFlags: 0
  m_CorrespondingSourceObject: {fileID: 0}
  m_PrefabInstance: {fileID: 0}
  m_PrefabAsset: {fileID: 0}
  m_GameObject: {fileID: 7496819213625781565}
  m_Enabled: 1
  m_EditorHideFlags: 0
  m_Script: {fileID: 11500000, guid: 04bc1a2ad9de48179fd3be8e6e14cbb4, type: 3}
  m_Name: 
  m_EditorClassIdentifier: 
  IconPrefab: {fileID: 5514622300820335569, guid: e5e9eec5d0e36a9409019e8c2beadace,
    type: 3}
  PinPoint: {fileID: 0}
  AdditionalRenderers: []
  SortingPriorityInPanel: 0
--- !u!114 &4259068922129070137
MonoBehaviour:
  m_ObjectHideFlags: 0
  m_CorrespondingSourceObject: {fileID: 0}
  m_PrefabInstance: {fileID: 0}
  m_PrefabAsset: {fileID: 0}
  m_GameObject: {fileID: 7496819213625781565}
  m_Enabled: 1
  m_EditorHideFlags: 0
  m_Script: {fileID: 11500000, guid: 94533d393af94a6eb9ecc57d5b1dec63, type: 3}
  m_Name: 
  m_EditorClassIdentifier: 
  UniqueId: a02f4c070560c8646b3842c478678f6c
  UnchangableMaterial: {fileID: 0}
--- !u!114 &1129709932083762791
MonoBehaviour:
  m_ObjectHideFlags: 0
  m_CorrespondingSourceObject: {fileID: 0}
  m_PrefabInstance: {fileID: 0}
  m_PrefabAsset: {fileID: 0}
  m_GameObject: {fileID: 7496819213625781565}
  m_Enabled: 1
  m_EditorHideFlags: 0
  m_Script: {fileID: 11500000, guid: 79b7b8eaca8044b7bc4562668bc8851d, type: 3}
  m_Name: 
  m_EditorClassIdentifier: 
  StackId: 4
--- !u!1 &7937353524887421498
GameObject:
  m_ObjectHideFlags: 0
  m_CorrespondingSourceObject: {fileID: 0}
  m_PrefabInstance: {fileID: 0}
  m_PrefabAsset: {fileID: 0}
  serializedVersion: 6
  m_Component:
  - component: {fileID: 5528410819280293206}
  - component: {fileID: 1837829692926180336}
  - component: {fileID: 6939540502135167296}
  - component: {fileID: 2696390858572270091}
  - component: {fileID: 8452275336347411678}
  m_Layer: 0
  m_Name: PH4_Base
  m_TagString: Untagged
  m_Icon: {fileID: 0}
  m_NavMeshLayer: 0
  m_StaticEditorFlags: 0
  m_IsActive: 1
--- !u!4 &5528410819280293206
Transform:
  m_ObjectHideFlags: 0
  m_CorrespondingSourceObject: {fileID: 0}
  m_PrefabInstance: {fileID: 0}
  m_PrefabAsset: {fileID: 0}
  m_GameObject: {fileID: 7937353524887421498}
  m_LocalRotation: {x: -0, y: -0, z: 0.000000007450581, w: 1}
  m_LocalPosition: {x: -0, y: 1.9977179, z: -0}
  m_LocalScale: {x: 1, y: 1, z: 1}
  m_Children: []
  m_Father: {fileID: 5040391332512393666}
  m_RootOrder: 1
  m_LocalEulerAnglesHint: {x: 0, y: 0, z: 0}
--- !u!33 &1837829692926180336
MeshFilter:
  m_ObjectHideFlags: 0
  m_CorrespondingSourceObject: {fileID: 0}
  m_PrefabInstance: {fileID: 0}
  m_PrefabAsset: {fileID: 0}
  m_GameObject: {fileID: 7937353524887421498}
  m_Mesh: {fileID: -3028589396180689152, guid: 36b7b8c061e58a34884f451e0731430e, type: 3}
--- !u!23 &6939540502135167296
MeshRenderer:
  m_ObjectHideFlags: 0
  m_CorrespondingSourceObject: {fileID: 0}
  m_PrefabInstance: {fileID: 0}
  m_PrefabAsset: {fileID: 0}
  m_GameObject: {fileID: 7937353524887421498}
  m_Enabled: 1
  m_CastShadows: 1
  m_ReceiveShadows: 1
  m_DynamicOccludee: 1
  m_MotionVectors: 1
  m_LightProbeUsage: 1
  m_ReflectionProbeUsage: 1
  m_RayTracingMode: 2
  m_RayTraceProcedural: 0
  m_RenderingLayerMask: 1
  m_RendererPriority: 0
  m_Materials:
  - {fileID: 2100000, guid: 1e3cb8ce8b921c441b7198a46d6ab6fc, type: 2}
  m_StaticBatchInfo:
    firstSubMesh: 0
    subMeshCount: 0
  m_StaticBatchRoot: {fileID: 0}
  m_ProbeAnchor: {fileID: 0}
  m_LightProbeVolumeOverride: {fileID: 0}
  m_ScaleInLightmap: 1
  m_ReceiveGI: 1
  m_PreserveUVs: 0
  m_IgnoreNormalsForChartDetection: 0
  m_ImportantGI: 0
  m_StitchLightmapSeams: 1
  m_SelectedEditorRenderState: 3
  m_MinimumChartSize: 4
  m_AutoUVMaxDistance: 0.5
  m_AutoUVMaxAngle: 89
  m_LightmapParameters: {fileID: 0}
  m_SortingLayerID: 0
  m_SortingLayer: 0
  m_SortingOrder: 0
  m_AdditionalVertexStreams: {fileID: 0}
--- !u!114 &2696390858572270091
MonoBehaviour:
  m_ObjectHideFlags: 0
  m_CorrespondingSourceObject: {fileID: 0}
  m_PrefabInstance: {fileID: 0}
  m_PrefabAsset: {fileID: 0}
  m_GameObject: {fileID: 7937353524887421498}
  m_Enabled: 1
  m_EditorHideFlags: 0
  m_Script: {fileID: 11500000, guid: 04bc1a2ad9de48179fd3be8e6e14cbb4, type: 3}
  m_Name: 
  m_EditorClassIdentifier: 
  IconPrefab: {fileID: 8306024582058088568, guid: ba8b185098324c543bf715c3d25bf2d6,
    type: 3}
  PinPoint: {fileID: 0}
  AdditionalRenderers: []
  SortingPriorityInPanel: 0
--- !u!114 &8452275336347411678
MonoBehaviour:
  m_ObjectHideFlags: 0
  m_CorrespondingSourceObject: {fileID: 0}
  m_PrefabInstance: {fileID: 0}
  m_PrefabAsset: {fileID: 0}
  m_GameObject: {fileID: 7937353524887421498}
  m_Enabled: 1
  m_EditorHideFlags: 0
  m_Script: {fileID: 11500000, guid: 94533d393af94a6eb9ecc57d5b1dec63, type: 3}
  m_Name: 
  m_EditorClassIdentifier: 
  UniqueId: df7d838e02190854a99590649b44459e
  UnchangableMaterial: {fileID: 0}
--- !u!1 &8055900631383337240
GameObject:
  m_ObjectHideFlags: 0
  m_CorrespondingSourceObject: {fileID: 0}
  m_PrefabInstance: {fileID: 0}
  m_PrefabAsset: {fileID: 0}
  serializedVersion: 6
  m_Component:
  - component: {fileID: 9124013285917538939}
  - component: {fileID: 8864493754617599600}
  - component: {fileID: 8749741451499439013}
  - component: {fileID: 8417870334032320449}
  - component: {fileID: 7157222953069491810}
  m_Layer: 0
  m_Name: PH4_Base_Disk
  m_TagString: Untagged
  m_Icon: {fileID: 0}
  m_NavMeshLayer: 0
  m_StaticEditorFlags: 0
  m_IsActive: 1
--- !u!4 &9124013285917538939
Transform:
  m_ObjectHideFlags: 0
  m_CorrespondingSourceObject: {fileID: 0}
  m_PrefabInstance: {fileID: 0}
  m_PrefabAsset: {fileID: 0}
  m_GameObject: {fileID: 8055900631383337240}
  m_LocalRotation: {x: -0, y: -0, z: 0.000000007450581, w: 1}
  m_LocalPosition: {x: 0, y: 1.8630152, z: -0.0014810562}
  m_LocalScale: {x: 1, y: 1, z: 1}
  m_Children: []
  m_Father: {fileID: 5040391332512393666}
  m_RootOrder: 0
  m_LocalEulerAnglesHint: {x: 0, y: 0, z: 0}
--- !u!33 &8864493754617599600
MeshFilter:
  m_ObjectHideFlags: 0
  m_CorrespondingSourceObject: {fileID: 0}
  m_PrefabInstance: {fileID: 0}
  m_PrefabAsset: {fileID: 0}
  m_GameObject: {fileID: 8055900631383337240}
  m_Mesh: {fileID: 1505970228841903107, guid: 36b7b8c061e58a34884f451e0731430e, type: 3}
--- !u!23 &8749741451499439013
MeshRenderer:
  m_ObjectHideFlags: 0
  m_CorrespondingSourceObject: {fileID: 0}
  m_PrefabInstance: {fileID: 0}
  m_PrefabAsset: {fileID: 0}
  m_GameObject: {fileID: 8055900631383337240}
  m_Enabled: 1
  m_CastShadows: 1
  m_ReceiveShadows: 1
  m_DynamicOccludee: 1
  m_MotionVectors: 1
  m_LightProbeUsage: 1
  m_ReflectionProbeUsage: 1
  m_RayTracingMode: 2
  m_RayTraceProcedural: 0
  m_RenderingLayerMask: 1
  m_RendererPriority: 0
  m_Materials:
  - {fileID: 2100000, guid: 1e3cb8ce8b921c441b7198a46d6ab6fc, type: 2}
  m_StaticBatchInfo:
    firstSubMesh: 0
    subMeshCount: 0
  m_StaticBatchRoot: {fileID: 0}
  m_ProbeAnchor: {fileID: 0}
  m_LightProbeVolumeOverride: {fileID: 0}
  m_ScaleInLightmap: 1
  m_ReceiveGI: 1
  m_PreserveUVs: 0
  m_IgnoreNormalsForChartDetection: 0
  m_ImportantGI: 0
  m_StitchLightmapSeams: 1
  m_SelectedEditorRenderState: 3
  m_MinimumChartSize: 4
  m_AutoUVMaxDistance: 0.5
  m_AutoUVMaxAngle: 89
  m_LightmapParameters: {fileID: 0}
  m_SortingLayerID: 0
  m_SortingLayer: 0
  m_SortingOrder: 0
  m_AdditionalVertexStreams: {fileID: 0}
--- !u!114 &8417870334032320449
MonoBehaviour:
  m_ObjectHideFlags: 0
  m_CorrespondingSourceObject: {fileID: 0}
  m_PrefabInstance: {fileID: 0}
  m_PrefabAsset: {fileID: 0}
  m_GameObject: {fileID: 8055900631383337240}
  m_Enabled: 1
  m_EditorHideFlags: 0
  m_Script: {fileID: 11500000, guid: 04bc1a2ad9de48179fd3be8e6e14cbb4, type: 3}
  m_Name: 
  m_EditorClassIdentifier: 
  IconPrefab: {fileID: 8004021641985357721, guid: 6469d245bb4bccf4fa0bbf0f9838e7f7,
    type: 3}
  PinPoint: {fileID: 0}
  AdditionalRenderers: []
  SortingPriorityInPanel: 0
--- !u!114 &7157222953069491810
MonoBehaviour:
  m_ObjectHideFlags: 0
  m_CorrespondingSourceObject: {fileID: 0}
  m_PrefabInstance: {fileID: 0}
  m_PrefabAsset: {fileID: 0}
  m_GameObject: {fileID: 8055900631383337240}
  m_Enabled: 1
  m_EditorHideFlags: 0
  m_Script: {fileID: 11500000, guid: 94533d393af94a6eb9ecc57d5b1dec63, type: 3}
  m_Name: 
  m_EditorClassIdentifier: 
  UniqueId: fb4055dcfcd75b24a8db43cf5139a720
  UnchangableMaterial: {fileID: 0}
--- !u!1 &8620617552877352989
GameObject:
  m_ObjectHideFlags: 0
  m_CorrespondingSourceObject: {fileID: 0}
  m_PrefabInstance: {fileID: 0}
  m_PrefabAsset: {fileID: 0}
  serializedVersion: 6
  m_Component:
  - component: {fileID: 736435416215978976}
  - component: {fileID: 1723696427922644822}
  - component: {fileID: 1914890716048324098}
  - component: {fileID: 3831310054297750231}
  - component: {fileID: 5644640977625831219}
  - component: {fileID: 8809105287023111271}
  m_Layer: 0
  m_Name: PH4_Ramp1
  m_TagString: Untagged
  m_Icon: {fileID: 0}
  m_NavMeshLayer: 0
  m_StaticEditorFlags: 0
  m_IsActive: 1
--- !u!4 &736435416215978976
Transform:
  m_ObjectHideFlags: 0
  m_CorrespondingSourceObject: {fileID: 0}
  m_PrefabInstance: {fileID: 0}
  m_PrefabAsset: {fileID: 0}
  m_GameObject: {fileID: 8620617552877352989}
  m_LocalRotation: {x: 0.0000000037252903, y: -0.00000032782555, z: -0.000000007450581,
    w: 1}
  m_LocalPosition: {x: -0.4451847, y: 2.0045443, z: -0.008191109}
  m_LocalScale: {x: 1, y: 1, z: 1}
  m_Children: []
  m_Father: {fileID: 5040391332512393666}
  m_RootOrder: 3
  m_LocalEulerAnglesHint: {x: 0, y: 0, z: 0}
--- !u!33 &1723696427922644822
MeshFilter:
  m_ObjectHideFlags: 0
  m_CorrespondingSourceObject: {fileID: 0}
  m_PrefabInstance: {fileID: 0}
  m_PrefabAsset: {fileID: 0}
  m_GameObject: {fileID: 8620617552877352989}
  m_Mesh: {fileID: 3482155928212019293, guid: 36b7b8c061e58a34884f451e0731430e, type: 3}
--- !u!23 &1914890716048324098
MeshRenderer:
  m_ObjectHideFlags: 0
  m_CorrespondingSourceObject: {fileID: 0}
  m_PrefabInstance: {fileID: 0}
  m_PrefabAsset: {fileID: 0}
  m_GameObject: {fileID: 8620617552877352989}
  m_Enabled: 1
  m_CastShadows: 1
  m_ReceiveShadows: 1
  m_DynamicOccludee: 1
  m_MotionVectors: 1
  m_LightProbeUsage: 1
  m_ReflectionProbeUsage: 1
  m_RayTracingMode: 2
  m_RayTraceProcedural: 0
  m_RenderingLayerMask: 1
  m_RendererPriority: 0
  m_Materials:
  - {fileID: 2100000, guid: 1e3cb8ce8b921c441b7198a46d6ab6fc, type: 2}
  m_StaticBatchInfo:
    firstSubMesh: 0
    subMeshCount: 0
  m_StaticBatchRoot: {fileID: 0}
  m_ProbeAnchor: {fileID: 0}
  m_LightProbeVolumeOverride: {fileID: 0}
  m_ScaleInLightmap: 1
  m_ReceiveGI: 1
  m_PreserveUVs: 0
  m_IgnoreNormalsForChartDetection: 0
  m_ImportantGI: 0
  m_StitchLightmapSeams: 1
  m_SelectedEditorRenderState: 3
  m_MinimumChartSize: 4
  m_AutoUVMaxDistance: 0.5
  m_AutoUVMaxAngle: 89
  m_LightmapParameters: {fileID: 0}
  m_SortingLayerID: 0
  m_SortingLayer: 0
  m_SortingOrder: 0
  m_AdditionalVertexStreams: {fileID: 0}
--- !u!114 &3831310054297750231
MonoBehaviour:
  m_ObjectHideFlags: 0
  m_CorrespondingSourceObject: {fileID: 0}
  m_PrefabInstance: {fileID: 0}
  m_PrefabAsset: {fileID: 0}
  m_GameObject: {fileID: 8620617552877352989}
  m_Enabled: 1
  m_EditorHideFlags: 0
  m_Script: {fileID: 11500000, guid: 04bc1a2ad9de48179fd3be8e6e14cbb4, type: 3}
  m_Name: 
  m_EditorClassIdentifier: 
  IconPrefab: {fileID: 7123865552785034750, guid: 0676bba9b6e97434585a8e41339d6a6c,
    type: 3}
  PinPoint: {fileID: 0}
  AdditionalRenderers: []
  SortingPriorityInPanel: 0
--- !u!114 &5644640977625831219
MonoBehaviour:
  m_ObjectHideFlags: 0
  m_CorrespondingSourceObject: {fileID: 0}
  m_PrefabInstance: {fileID: 0}
  m_PrefabAsset: {fileID: 0}
  m_GameObject: {fileID: 8620617552877352989}
  m_Enabled: 1
  m_EditorHideFlags: 0
  m_Script: {fileID: 11500000, guid: 94533d393af94a6eb9ecc57d5b1dec63, type: 3}
  m_Name: 
  m_EditorClassIdentifier: 
  UniqueId: fad10442dd1da8549b9d760b2348117f
  UnchangableMaterial: {fileID: 0}
--- !u!114 &8809105287023111271
MonoBehaviour:
  m_ObjectHideFlags: 0
  m_CorrespondingSourceObject: {fileID: 0}
  m_PrefabInstance: {fileID: 0}
  m_PrefabAsset: {fileID: 0}
  m_GameObject: {fileID: 8620617552877352989}
  m_Enabled: 1
  m_EditorHideFlags: 0
  m_Script: {fileID: 11500000, guid: 79b7b8eaca8044b7bc4562668bc8851d, type: 3}
  m_Name: 
  m_EditorClassIdentifier: 
  StackId: 1
--- !u!1 &9155811008542537070
GameObject:
  m_ObjectHideFlags: 0
  m_CorrespondingSourceObject: {fileID: 0}
  m_PrefabInstance: {fileID: 0}
  m_PrefabAsset: {fileID: 0}
  serializedVersion: 6
  m_Component:
  - component: {fileID: 7461453053699073440}
  - component: {fileID: 5901783777120405743}
  - component: {fileID: 461699879664272704}
  - component: {fileID: 1796639294651075694}
  - component: {fileID: 7943838546335966990}
  - component: {fileID: 7267463699391345054}
  m_Layer: 0
  m_Name: PH4_Ball2
  m_TagString: Untagged
  m_Icon: {fileID: 0}
  m_NavMeshLayer: 0
  m_StaticEditorFlags: 0
  m_IsActive: 1
--- !u!4 &7461453053699073440
Transform:
  m_ObjectHideFlags: 0
  m_CorrespondingSourceObject: {fileID: 0}
  m_PrefabInstance: {fileID: 0}
  m_PrefabAsset: {fileID: 0}
  m_GameObject: {fileID: 9155811008542537070}
  m_LocalRotation: {x: -0.000000007450581, y: 1, z: 0.0000000037252903, w: 0.00000044703484}
  m_LocalPosition: {x: -0.014760971, y: 1.8306694, z: -0.84774876}
  m_LocalScale: {x: 1, y: 1, z: 1}
  m_Children: []
  m_Father: {fileID: 5040391332512393666}
  m_RootOrder: 13
  m_LocalEulerAnglesHint: {x: 2.413491e-19, y: -0.0000028241882, z: 4.8963745e-12}
--- !u!33 &5901783777120405743
MeshFilter:
  m_ObjectHideFlags: 0
  m_CorrespondingSourceObject: {fileID: 0}
  m_PrefabInstance: {fileID: 0}
  m_PrefabAsset: {fileID: 0}
  m_GameObject: {fileID: 9155811008542537070}
  m_Mesh: {fileID: 3086763073069726976, guid: 36b7b8c061e58a34884f451e0731430e, type: 3}
--- !u!23 &461699879664272704
MeshRenderer:
  m_ObjectHideFlags: 0
  m_CorrespondingSourceObject: {fileID: 0}
  m_PrefabInstance: {fileID: 0}
  m_PrefabAsset: {fileID: 0}
  m_GameObject: {fileID: 9155811008542537070}
  m_Enabled: 1
  m_CastShadows: 1
  m_ReceiveShadows: 1
  m_DynamicOccludee: 1
  m_MotionVectors: 1
  m_LightProbeUsage: 1
  m_ReflectionProbeUsage: 1
  m_RayTracingMode: 2
  m_RayTraceProcedural: 0
  m_RenderingLayerMask: 1
  m_RendererPriority: 0
  m_Materials:
  - {fileID: 2100000, guid: 1e3cb8ce8b921c441b7198a46d6ab6fc, type: 2}
  m_StaticBatchInfo:
    firstSubMesh: 0
    subMeshCount: 0
  m_StaticBatchRoot: {fileID: 0}
  m_ProbeAnchor: {fileID: 0}
  m_LightProbeVolumeOverride: {fileID: 0}
  m_ScaleInLightmap: 1
  m_ReceiveGI: 1
  m_PreserveUVs: 0
  m_IgnoreNormalsForChartDetection: 0
  m_ImportantGI: 0
  m_StitchLightmapSeams: 1
  m_SelectedEditorRenderState: 3
  m_MinimumChartSize: 4
  m_AutoUVMaxDistance: 0.5
  m_AutoUVMaxAngle: 89
  m_LightmapParameters: {fileID: 0}
  m_SortingLayerID: 0
  m_SortingLayer: 0
  m_SortingOrder: 0
  m_AdditionalVertexStreams: {fileID: 0}
--- !u!114 &1796639294651075694
MonoBehaviour:
  m_ObjectHideFlags: 0
  m_CorrespondingSourceObject: {fileID: 0}
  m_PrefabInstance: {fileID: 0}
  m_PrefabAsset: {fileID: 0}
  m_GameObject: {fileID: 9155811008542537070}
  m_Enabled: 1
  m_EditorHideFlags: 0
  m_Script: {fileID: 11500000, guid: 04bc1a2ad9de48179fd3be8e6e14cbb4, type: 3}
  m_Name: 
  m_EditorClassIdentifier: 
  IconPrefab: {fileID: 4754578370044826965, guid: 09fc9c198b047fd4098125476a99797f,
    type: 3}
  PinPoint: {fileID: 0}
  AdditionalRenderers: []
  SortingPriorityInPanel: 0
--- !u!114 &7943838546335966990
MonoBehaviour:
  m_ObjectHideFlags: 0
  m_CorrespondingSourceObject: {fileID: 0}
  m_PrefabInstance: {fileID: 0}
  m_PrefabAsset: {fileID: 0}
  m_GameObject: {fileID: 9155811008542537070}
  m_Enabled: 1
  m_EditorHideFlags: 0
  m_Script: {fileID: 11500000, guid: 94533d393af94a6eb9ecc57d5b1dec63, type: 3}
  m_Name: 
  m_EditorClassIdentifier: 
  UniqueId: c00b612541dfd3c4d81b15ae5b29ffcc
  UnchangableMaterial: {fileID: 0}
--- !u!114 &7267463699391345054
MonoBehaviour:
  m_ObjectHideFlags: 0
  m_CorrespondingSourceObject: {fileID: 0}
  m_PrefabInstance: {fileID: 0}
  m_PrefabAsset: {fileID: 0}
  m_GameObject: {fileID: 9155811008542537070}
  m_Enabled: 1
  m_EditorHideFlags: 0
  m_Script: {fileID: 11500000, guid: 79b7b8eaca8044b7bc4562668bc8851d, type: 3}
  m_Name: 
  m_EditorClassIdentifier: 
  StackId: 5
