%YAML 1.1
%TAG !u! tag:unity3d.com,2011:
--- !u!1 &424488499860785670
GameObject:
  m_ObjectHideFlags: 0
  m_CorrespondingSourceObject: {fileID: 0}
  m_PrefabInstance: {fileID: 0}
  m_PrefabAsset: {fileID: 0}
  serializedVersion: 6
  m_Component:
  - component: {fileID: 4116218211065080112}
  m_Layer: 0
  m_Name: Anchor
  m_TagString: Untagged
  m_Icon: {fileID: 0}
  m_NavMeshLayer: 0
  m_StaticEditorFlags: 0
  m_IsActive: 1
--- !u!4 &4116218211065080112
Transform:
  m_ObjectHideFlags: 0
  m_CorrespondingSourceObject: {fileID: 0}
  m_PrefabInstance: {fileID: 0}
  m_PrefabAsset: {fileID: 0}
  m_GameObject: {fileID: 424488499860785670}
  m_LocalRotation: {x: -0, y: -0, z: -0, w: 1}
  m_LocalPosition: {x: 0, y: 3.5, z: 0}
  m_LocalScale: {x: 1, y: 1, z: 1}
  m_Children: []
  m_Father: {fileID: 621246466629974216}
  m_RootOrder: 0
  m_LocalEulerAnglesHint: {x: 0, y: 0, z: 0}
--- !u!1 &1583145476122006038
GameObject:
  m_ObjectHideFlags: 0
  m_CorrespondingSourceObject: {fileID: 0}
  m_PrefabInstance: {fileID: 0}
  m_PrefabAsset: {fileID: 0}
  serializedVersion: 6
  m_Component:
  - component: {fileID: 621246466629974216}
  - component: {fileID: 7453303026299279621}
  m_Layer: 0
  m_Name: W4_M3
  m_TagString: Untagged
  m_Icon: {fileID: 0}
  m_NavMeshLayer: 0
  m_StaticEditorFlags: 0
  m_IsActive: 1
--- !u!4 &621246466629974216
Transform:
  m_ObjectHideFlags: 0
  m_CorrespondingSourceObject: {fileID: 0}
  m_PrefabInstance: {fileID: 0}
  m_PrefabAsset: {fileID: 0}
  m_GameObject: {fileID: 1583145476122006038}
  m_LocalRotation: {x: 0, y: 0, z: 0, w: 1}
  m_LocalPosition: {x: 0, y: 0, z: 0}
  m_LocalScale: {x: 1, y: 1, z: 1}
  m_Children:
  - {fileID: 4116218211065080112}
  - {fileID: 1242728984804330378}
  m_Father: {fileID: 0}
  m_RootOrder: 0
  m_LocalEulerAnglesHint: {x: 0, y: 0, z: 0}
--- !u!114 &7453303026299279621
MonoBehaviour:
  m_ObjectHideFlags: 0
  m_CorrespondingSourceObject: {fileID: 0}
  m_PrefabInstance: {fileID: 0}
  m_PrefabAsset: {fileID: 0}
  m_GameObject: {fileID: 1583145476122006038}
  m_Enabled: 1
  m_EditorHideFlags: 0
  m_Script: {fileID: 11500000, guid: 61cfbd4612a04c569ab2bc8d923982e4, type: 3}
  m_Name: 
  m_EditorClassIdentifier: 
  BaseLevelAnchor: {fileID: 4116218211065080112}
  Id: e273ff2c28198b04d9952d70af704a45
  Event: 15
  Materials:
  - Scheme: {fileID: 11400000, guid: 88ad2ea20ebf06140a9b641d4ae31d52, type: 2}
    Material: {fileID: 2100000, guid: a049d3e91b4d5614abfc0d54af40c8d7, type: 2}
  - Scheme: {fileID: 11400000, guid: 2572bf4aac14e1641b377282f44b9ea2, type: 2}
    Material: {fileID: 2100000, guid: 01cd88fc25aacad42a2990ff7d635f3e, type: 2}
--- !u!1 &1820703814487230438
GameObject:
  m_ObjectHideFlags: 0
  m_CorrespondingSourceObject: {fileID: 0}
  m_PrefabInstance: {fileID: 0}
  m_PrefabAsset: {fileID: 0}
  serializedVersion: 6
  m_Component:
  - component: {fileID: 8561012220554913307}
  - component: {fileID: 8187795051312612834}
  - component: {fileID: 8743223680232661770}
  - component: {fileID: 6958174020918207375}
  - component: {fileID: 8565137604783692624}
  - component: {fileID: 507139602551380327}
  m_Layer: 0
  m_Name: PH3_Ramp_base_4
  m_TagString: Untagged
  m_Icon: {fileID: 0}
  m_NavMeshLayer: 0
  m_StaticEditorFlags: 0
  m_IsActive: 1
--- !u!4 &8561012220554913307
Transform:
  m_ObjectHideFlags: 0
  m_CorrespondingSourceObject: {fileID: 0}
  m_PrefabInstance: {fileID: 0}
  m_PrefabAsset: {fileID: 0}
  m_GameObject: {fileID: 1820703814487230438}
  m_LocalRotation: {x: -0.7071069, y: -0.000000014901161, z: 0.000000007450581, w: 0.70710677}
  m_LocalPosition: {x: -0.48826408, y: 2.800312, z: 0.024067879}
  m_LocalScale: {x: 100, y: 99.99998, z: 100}
  m_Children: []
  m_Father: {fileID: 1242728984804330378}
  m_RootOrder: 4
  m_LocalEulerAnglesHint: {x: 0, y: 0, z: 0}
--- !u!33 &8187795051312612834
MeshFilter:
  m_ObjectHideFlags: 0
  m_CorrespondingSourceObject: {fileID: 0}
  m_PrefabInstance: {fileID: 0}
  m_PrefabAsset: {fileID: 0}
  m_GameObject: {fileID: 1820703814487230438}
  m_Mesh: {fileID: 3700660667929884484, guid: dde0ad14293c3954a87f3edd7617da69, type: 3}
--- !u!23 &8743223680232661770
MeshRenderer:
  m_ObjectHideFlags: 0
  m_CorrespondingSourceObject: {fileID: 0}
  m_PrefabInstance: {fileID: 0}
  m_PrefabAsset: {fileID: 0}
  m_GameObject: {fileID: 1820703814487230438}
  m_Enabled: 1
  m_CastShadows: 1
  m_ReceiveShadows: 1
  m_DynamicOccludee: 1
  m_MotionVectors: 1
  m_LightProbeUsage: 1
  m_ReflectionProbeUsage: 1
  m_RayTracingMode: 2
  m_RayTraceProcedural: 0
  m_RenderingLayerMask: 1
  m_RendererPriority: 0
  m_Materials:
  - {fileID: 2100000, guid: a049d3e91b4d5614abfc0d54af40c8d7, type: 2}
  m_StaticBatchInfo:
    firstSubMesh: 0
    subMeshCount: 0
  m_StaticBatchRoot: {fileID: 0}
  m_ProbeAnchor: {fileID: 0}
  m_LightProbeVolumeOverride: {fileID: 0}
  m_ScaleInLightmap: 1
  m_ReceiveGI: 1
  m_PreserveUVs: 0
  m_IgnoreNormalsForChartDetection: 0
  m_ImportantGI: 0
  m_StitchLightmapSeams: 1
  m_SelectedEditorRenderState: 3
  m_MinimumChartSize: 4
  m_AutoUVMaxDistance: 0.5
  m_AutoUVMaxAngle: 89
  m_LightmapParameters: {fileID: 0}
  m_SortingLayerID: 0
  m_SortingLayer: 0
  m_SortingOrder: 0
  m_AdditionalVertexStreams: {fileID: 0}
--- !u!114 &6958174020918207375
MonoBehaviour:
  m_ObjectHideFlags: 0
  m_CorrespondingSourceObject: {fileID: 0}
  m_PrefabInstance: {fileID: 0}
  m_PrefabAsset: {fileID: 0}
  m_GameObject: {fileID: 1820703814487230438}
  m_Enabled: 1
  m_EditorHideFlags: 0
  m_Script: {fileID: 11500000, guid: 04bc1a2ad9de48179fd3be8e6e14cbb4, type: 3}
  m_Name: 
  m_EditorClassIdentifier: 
  IconPrefab: {fileID: 3941181965155248930, guid: ae52b7567f255c1459f4e8b8c4d10927,
    type: 3}
  PinPoint: {fileID: 0}
  AdditionalRenderers: []
  SortingPriorityInPanel: 0
--- !u!114 &8565137604783692624
MonoBehaviour:
  m_ObjectHideFlags: 0
  m_CorrespondingSourceObject: {fileID: 0}
  m_PrefabInstance: {fileID: 0}
  m_PrefabAsset: {fileID: 0}
  m_GameObject: {fileID: 1820703814487230438}
  m_Enabled: 1
  m_EditorHideFlags: 0
  m_Script: {fileID: 11500000, guid: 94533d393af94a6eb9ecc57d5b1dec63, type: 3}
  m_Name: 
  m_EditorClassIdentifier: 
  UniqueId: 9f74e9561265d5a459007981458ac228
  UnchangableMaterial: {fileID: 2100000, guid: 51aff31fb08b8394e99d2e6b18202acb, type: 2}
--- !u!114 &507139602551380327
MonoBehaviour:
  m_ObjectHideFlags: 0
  m_CorrespondingSourceObject: {fileID: 0}
  m_PrefabInstance: {fileID: 0}
  m_PrefabAsset: {fileID: 0}
  m_GameObject: {fileID: 1820703814487230438}
  m_Enabled: 1
  m_EditorHideFlags: 0
  m_Script: {fileID: 11500000, guid: 79b7b8eaca8044b7bc4562668bc8851d, type: 3}
  m_Name: 
  m_EditorClassIdentifier: 
  StackId: 3
--- !u!1 &1906394566364778800
GameObject:
  m_ObjectHideFlags: 0
  m_CorrespondingSourceObject: {fileID: 0}
  m_PrefabInstance: {fileID: 0}
  m_PrefabAsset: {fileID: 0}
  serializedVersion: 6
  m_Component:
  - component: {fileID: 1242728984804330378}
  - component: {fileID: 2699392769620047166}
  m_Layer: 0
  m_Name: PH3
  m_TagString: Untagged
  m_Icon: {fileID: 0}
  m_NavMeshLayer: 0
  m_StaticEditorFlags: 0
  m_IsActive: 1
--- !u!4 &1242728984804330378
Transform:
  m_ObjectHideFlags: 0
  m_CorrespondingSourceObject: {fileID: 0}
  m_PrefabInstance: {fileID: 0}
  m_PrefabAsset: {fileID: 0}
  m_GameObject: {fileID: 1906394566364778800}
  m_LocalRotation: {x: -0, y: -0, z: -0, w: 1}
  m_LocalPosition: {x: 0, y: 0, z: 0}
  m_LocalScale: {x: 1, y: 1, z: 1}
  m_Children:
  - {fileID: 8018387530428116855}
  - {fileID: 2048542548677895837}
  - {fileID: 1788969138094393636}
  - {fileID: 8794219534270026293}
  - {fileID: 8561012220554913307}
  - {fileID: 6470961098251102104}
  - {fileID: 6210796513212900929}
  - {fileID: 1424356014467679829}
  - {fileID: 6698936586789397088}
  - {fileID: 2469839396967467386}
  - {fileID: 2251917294422005505}
  - {fileID: 2172454359890203884}
  - {fileID: 6654533552841373586}
  - {fileID: 1005443134831538807}
  - {fileID: 5177091353945739482}
  - {fileID: 3852288291747995114}
  - {fileID: 48942076791360238}
  - {fileID: 8630363388496687529}
  m_Father: {fileID: 621246466629974216}
  m_RootOrder: 1
  m_LocalEulerAnglesHint: {x: 0, y: 0, z: 0}
--- !u!95 &2699392769620047166
Animator:
  serializedVersion: 3
  m_ObjectHideFlags: 0
  m_CorrespondingSourceObject: {fileID: 0}
  m_PrefabInstance: {fileID: 0}
  m_PrefabAsset: {fileID: 0}
  m_GameObject: {fileID: 1906394566364778800}
  m_Enabled: 1
  m_Avatar: {fileID: 0}
  m_Controller: {fileID: 9100000, guid: 13121f0a6557cb54bb1bd0dff4173639, type: 2}
  m_CullingMode: 0
  m_UpdateMode: 0
  m_ApplyRootMotion: 0
  m_LinearVelocityBlending: 0
  m_WarningMessage: 
  m_HasTransformHierarchy: 1
  m_AllowConstantClipSamplingOptimization: 1
  m_KeepAnimatorControllerStateOnDisable: 0
--- !u!1 &1953490767918860034
GameObject:
  m_ObjectHideFlags: 0
  m_CorrespondingSourceObject: {fileID: 0}
  m_PrefabInstance: {fileID: 0}
  m_PrefabAsset: {fileID: 0}
  serializedVersion: 6
  m_Component:
  - component: {fileID: 2172454359890203884}
  - component: {fileID: 7186971404414831614}
  - component: {fileID: 6895536929414393154}
  - component: {fileID: 8444628325692181267}
  - component: {fileID: 1693053528513507895}
  - component: {fileID: 6506293321354417032}
  m_Layer: 0
  m_Name: PH3_Ramp_3
  m_TagString: Untagged
  m_Icon: {fileID: 0}
  m_NavMeshLayer: 0
  m_StaticEditorFlags: 0
  m_IsActive: 1
--- !u!4 &2172454359890203884
Transform:
  m_ObjectHideFlags: 0
  m_CorrespondingSourceObject: {fileID: 0}
  m_PrefabInstance: {fileID: 0}
  m_PrefabAsset: {fileID: 0}
  m_GameObject: {fileID: 1953490767918860034}
  m_LocalRotation: {x: -0.7071069, y: -0.000000014901161, z: 0.000000007450581, w: 0.70710677}
  m_LocalPosition: {x: -0.0012140274, y: 3.7434368, z: -1.083684}
  m_LocalScale: {x: 100, y: 99.99998, z: 99.99999}
  m_Children: []
  m_Father: {fileID: 1242728984804330378}
  m_RootOrder: 11
  m_LocalEulerAnglesHint: {x: 0, y: 0, z: 0}
--- !u!33 &7186971404414831614
MeshFilter:
  m_ObjectHideFlags: 0
  m_CorrespondingSourceObject: {fileID: 0}
  m_PrefabInstance: {fileID: 0}
  m_PrefabAsset: {fileID: 0}
  m_GameObject: {fileID: 1953490767918860034}
  m_Mesh: {fileID: -1968151810824611179, guid: dde0ad14293c3954a87f3edd7617da69, type: 3}
--- !u!23 &6895536929414393154
MeshRenderer:
  m_ObjectHideFlags: 0
  m_CorrespondingSourceObject: {fileID: 0}
  m_PrefabInstance: {fileID: 0}
  m_PrefabAsset: {fileID: 0}
  m_GameObject: {fileID: 1953490767918860034}
  m_Enabled: 1
  m_CastShadows: 1
  m_ReceiveShadows: 1
  m_DynamicOccludee: 1
  m_MotionVectors: 1
  m_LightProbeUsage: 1
  m_ReflectionProbeUsage: 1
  m_RayTracingMode: 2
  m_RayTraceProcedural: 0
  m_RenderingLayerMask: 1
  m_RendererPriority: 0
  m_Materials:
  - {fileID: 2100000, guid: a049d3e91b4d5614abfc0d54af40c8d7, type: 2}
  m_StaticBatchInfo:
    firstSubMesh: 0
    subMeshCount: 0
  m_StaticBatchRoot: {fileID: 0}
  m_ProbeAnchor: {fileID: 0}
  m_LightProbeVolumeOverride: {fileID: 0}
  m_ScaleInLightmap: 1
  m_ReceiveGI: 1
  m_PreserveUVs: 0
  m_IgnoreNormalsForChartDetection: 0
  m_ImportantGI: 0
  m_StitchLightmapSeams: 1
  m_SelectedEditorRenderState: 3
  m_MinimumChartSize: 4
  m_AutoUVMaxDistance: 0.5
  m_AutoUVMaxAngle: 89
  m_LightmapParameters: {fileID: 0}
  m_SortingLayerID: 0
  m_SortingLayer: 0
  m_SortingOrder: 0
  m_AdditionalVertexStreams: {fileID: 0}
--- !u!114 &8444628325692181267
MonoBehaviour:
  m_ObjectHideFlags: 0
  m_CorrespondingSourceObject: {fileID: 0}
  m_PrefabInstance: {fileID: 0}
  m_PrefabAsset: {fileID: 0}
  m_GameObject: {fileID: 1953490767918860034}
  m_Enabled: 1
  m_EditorHideFlags: 0
  m_Script: {fileID: 11500000, guid: 04bc1a2ad9de48179fd3be8e6e14cbb4, type: 3}
  m_Name: 
  m_EditorClassIdentifier: 
  IconPrefab: {fileID: 2995239784155259137, guid: d5cc9162aab016245ae4dff7ba16bf01,
    type: 3}
  PinPoint: {fileID: 0}
  AdditionalRenderers: []
  SortingPriorityInPanel: 0
--- !u!114 &1693053528513507895
MonoBehaviour:
  m_ObjectHideFlags: 0
  m_CorrespondingSourceObject: {fileID: 0}
  m_PrefabInstance: {fileID: 0}
  m_PrefabAsset: {fileID: 0}
  m_GameObject: {fileID: 1953490767918860034}
  m_Enabled: 1
  m_EditorHideFlags: 0
  m_Script: {fileID: 11500000, guid: 94533d393af94a6eb9ecc57d5b1dec63, type: 3}
  m_Name: 
  m_EditorClassIdentifier: 
  UniqueId: e776fb109874f8549b04ea62dbd14d19
  UnchangableMaterial: {fileID: 2100000, guid: 51aff31fb08b8394e99d2e6b18202acb, type: 2}
--- !u!114 &6506293321354417032
MonoBehaviour:
  m_ObjectHideFlags: 0
  m_CorrespondingSourceObject: {fileID: 0}
  m_PrefabInstance: {fileID: 0}
  m_PrefabAsset: {fileID: 0}
  m_GameObject: {fileID: 1953490767918860034}
  m_Enabled: 1
  m_EditorHideFlags: 0
  m_Script: {fileID: 11500000, guid: 79b7b8eaca8044b7bc4562668bc8851d, type: 3}
  m_Name: 
  m_EditorClassIdentifier: 
  StackId: 2
--- !u!1 &1999539223120374827
GameObject:
  m_ObjectHideFlags: 0
  m_CorrespondingSourceObject: {fileID: 0}
  m_PrefabInstance: {fileID: 0}
  m_PrefabAsset: {fileID: 0}
  serializedVersion: 6
  m_Component:
  - component: {fileID: 3852288291747995114}
  - component: {fileID: 471554363711711745}
  - component: {fileID: 1532530785481245970}
  - component: {fileID: 4781584554377668099}
  - component: {fileID: 8040490220264639368}
  - component: {fileID: 8772256461752984440}
  m_Layer: 0
  m_Name: PH3_Ball_1
  m_TagString: Untagged
  m_Icon: {fileID: 0}
  m_NavMeshLayer: 0
  m_StaticEditorFlags: 0
  m_IsActive: 1
--- !u!4 &3852288291747995114
Transform:
  m_ObjectHideFlags: 0
  m_CorrespondingSourceObject: {fileID: 0}
  m_PrefabInstance: {fileID: 0}
  m_PrefabAsset: {fileID: 0}
  m_GameObject: {fileID: 1999539223120374827}
  m_LocalRotation: {x: 0.6268378, y: 0.62683785, z: -0.32722214, w: 0.3272222}
  m_LocalPosition: {x: -0.00027751923, y: 4.010271, z: -0.001868248}
  m_LocalScale: {x: 100, y: 100, z: 100}
  m_Children: []
  m_Father: {fileID: 1242728984804330378}
  m_RootOrder: 15
  m_LocalEulerAnglesHint: {x: 0, y: 0, z: 0}
--- !u!33 &471554363711711745
MeshFilter:
  m_ObjectHideFlags: 0
  m_CorrespondingSourceObject: {fileID: 0}
  m_PrefabInstance: {fileID: 0}
  m_PrefabAsset: {fileID: 0}
  m_GameObject: {fileID: 1999539223120374827}
  m_Mesh: {fileID: 7278203049909607682, guid: dde0ad14293c3954a87f3edd7617da69, type: 3}
--- !u!23 &1532530785481245970
MeshRenderer:
  m_ObjectHideFlags: 0
  m_CorrespondingSourceObject: {fileID: 0}
  m_PrefabInstance: {fileID: 0}
  m_PrefabAsset: {fileID: 0}
  m_GameObject: {fileID: 1999539223120374827}
  m_Enabled: 1
  m_CastShadows: 1
  m_ReceiveShadows: 1
  m_DynamicOccludee: 1
  m_MotionVectors: 1
  m_LightProbeUsage: 1
  m_ReflectionProbeUsage: 1
  m_RayTracingMode: 2
  m_RayTraceProcedural: 0
  m_RenderingLayerMask: 1
  m_RendererPriority: 0
  m_Materials:
  - {fileID: 2100000, guid: a049d3e91b4d5614abfc0d54af40c8d7, type: 2}
  m_StaticBatchInfo:
    firstSubMesh: 0
    subMeshCount: 0
  m_StaticBatchRoot: {fileID: 0}
  m_ProbeAnchor: {fileID: 0}
  m_LightProbeVolumeOverride: {fileID: 0}
  m_ScaleInLightmap: 1
  m_ReceiveGI: 1
  m_PreserveUVs: 0
  m_IgnoreNormalsForChartDetection: 0
  m_ImportantGI: 0
  m_StitchLightmapSeams: 1
  m_SelectedEditorRenderState: 3
  m_MinimumChartSize: 4
  m_AutoUVMaxDistance: 0.5
  m_AutoUVMaxAngle: 89
  m_LightmapParameters: {fileID: 0}
  m_SortingLayerID: 0
  m_SortingLayer: 0
  m_SortingOrder: 0
  m_AdditionalVertexStreams: {fileID: 0}
--- !u!114 &4781584554377668099
MonoBehaviour:
  m_ObjectHideFlags: 0
  m_CorrespondingSourceObject: {fileID: 0}
  m_PrefabInstance: {fileID: 0}
  m_PrefabAsset: {fileID: 0}
  m_GameObject: {fileID: 1999539223120374827}
  m_Enabled: 1
  m_EditorHideFlags: 0
  m_Script: {fileID: 11500000, guid: 04bc1a2ad9de48179fd3be8e6e14cbb4, type: 3}
  m_Name: 
  m_EditorClassIdentifier: 
  IconPrefab: {fileID: 36784167468676206, guid: 8ec2376fad495e2419de0928a8c61a28,
    type: 3}
  PinPoint: {fileID: 0}
  AdditionalRenderers: []
  SortingPriorityInPanel: 0
--- !u!114 &8040490220264639368
MonoBehaviour:
  m_ObjectHideFlags: 0
  m_CorrespondingSourceObject: {fileID: 0}
  m_PrefabInstance: {fileID: 0}
  m_PrefabAsset: {fileID: 0}
  m_GameObject: {fileID: 1999539223120374827}
  m_Enabled: 1
  m_EditorHideFlags: 0
  m_Script: {fileID: 11500000, guid: 94533d393af94a6eb9ecc57d5b1dec63, type: 3}
  m_Name: 
  m_EditorClassIdentifier: 
  UniqueId: aa2e376d16c653443b68696118b55556
  UnchangableMaterial: {fileID: 2100000, guid: 51aff31fb08b8394e99d2e6b18202acb, type: 2}
--- !u!114 &8772256461752984440
MonoBehaviour:
  m_ObjectHideFlags: 0
  m_CorrespondingSourceObject: {fileID: 0}
  m_PrefabInstance: {fileID: 0}
  m_PrefabAsset: {fileID: 0}
  m_GameObject: {fileID: 1999539223120374827}
  m_Enabled: 1
  m_EditorHideFlags: 0
  m_Script: {fileID: 11500000, guid: 79b7b8eaca8044b7bc4562668bc8851d, type: 3}
  m_Name: 
  m_EditorClassIdentifier: 
  StackId: 1
--- !u!1 &2163826139648389775
GameObject:
  m_ObjectHideFlags: 0
  m_CorrespondingSourceObject: {fileID: 0}
  m_PrefabInstance: {fileID: 0}
  m_PrefabAsset: {fileID: 0}
  serializedVersion: 6
  m_Component:
  - component: {fileID: 1788969138094393636}
  - component: {fileID: 3460313998350494966}
  - component: {fileID: 5172676001398024413}
  - component: {fileID: 6275515532735841764}
  - component: {fileID: 1669263759278180929}
  - component: {fileID: 5516958400599022063}
  m_Layer: 0
  m_Name: PH3_Ramp_base_2
  m_TagString: Untagged
  m_Icon: {fileID: 0}
  m_NavMeshLayer: 0
  m_StaticEditorFlags: 0
  m_IsActive: 1
--- !u!4 &1788969138094393636
Transform:
  m_ObjectHideFlags: 0
  m_CorrespondingSourceObject: {fileID: 0}
  m_PrefabInstance: {fileID: 0}
  m_PrefabAsset: {fileID: 0}
  m_GameObject: {fileID: 2163826139648389775}
  m_LocalRotation: {x: -0.7071069, y: -0.000000014901161, z: 0.000000007450581, w: 0.70710677}
  m_LocalPosition: {x: 0.4885769, y: 2.800311, z: -0.014292717}
  m_LocalScale: {x: 100, y: 99.99998, z: 100}
  m_Children: []
  m_Father: {fileID: 1242728984804330378}
  m_RootOrder: 2
  m_LocalEulerAnglesHint: {x: 0, y: 0, z: 0}
--- !u!33 &3460313998350494966
MeshFilter:
  m_ObjectHideFlags: 0
  m_CorrespondingSourceObject: {fileID: 0}
  m_PrefabInstance: {fileID: 0}
  m_PrefabAsset: {fileID: 0}
  m_GameObject: {fileID: 2163826139648389775}
  m_Mesh: {fileID: -8554321282092036225, guid: dde0ad14293c3954a87f3edd7617da69, type: 3}
--- !u!23 &5172676001398024413
MeshRenderer:
  m_ObjectHideFlags: 0
  m_CorrespondingSourceObject: {fileID: 0}
  m_PrefabInstance: {fileID: 0}
  m_PrefabAsset: {fileID: 0}
  m_GameObject: {fileID: 2163826139648389775}
  m_Enabled: 1
  m_CastShadows: 1
  m_ReceiveShadows: 1
  m_DynamicOccludee: 1
  m_MotionVectors: 1
  m_LightProbeUsage: 1
  m_ReflectionProbeUsage: 1
  m_RayTracingMode: 2
  m_RayTraceProcedural: 0
  m_RenderingLayerMask: 1
  m_RendererPriority: 0
  m_Materials:
  - {fileID: 2100000, guid: a049d3e91b4d5614abfc0d54af40c8d7, type: 2}
  m_StaticBatchInfo:
    firstSubMesh: 0
    subMeshCount: 0
  m_StaticBatchRoot: {fileID: 0}
  m_ProbeAnchor: {fileID: 0}
  m_LightProbeVolumeOverride: {fileID: 0}
  m_ScaleInLightmap: 1
  m_ReceiveGI: 1
  m_PreserveUVs: 0
  m_IgnoreNormalsForChartDetection: 0
  m_ImportantGI: 0
  m_StitchLightmapSeams: 1
  m_SelectedEditorRenderState: 3
  m_MinimumChartSize: 4
  m_AutoUVMaxDistance: 0.5
  m_AutoUVMaxAngle: 89
  m_LightmapParameters: {fileID: 0}
  m_SortingLayerID: 0
  m_SortingLayer: 0
  m_SortingOrder: 0
  m_AdditionalVertexStreams: {fileID: 0}
--- !u!114 &6275515532735841764
MonoBehaviour:
  m_ObjectHideFlags: 0
  m_CorrespondingSourceObject: {fileID: 0}
  m_PrefabInstance: {fileID: 0}
  m_PrefabAsset: {fileID: 0}
  m_GameObject: {fileID: 2163826139648389775}
  m_Enabled: 1
  m_EditorHideFlags: 0
  m_Script: {fileID: 11500000, guid: 04bc1a2ad9de48179fd3be8e6e14cbb4, type: 3}
  m_Name: 
  m_EditorClassIdentifier: 
  IconPrefab: {fileID: 7512211214810836034, guid: e851caa310d0e5049a080ff1b3d00687,
    type: 3}
  PinPoint: {fileID: 0}
  AdditionalRenderers: []
  SortingPriorityInPanel: 0
--- !u!114 &1669263759278180929
MonoBehaviour:
  m_ObjectHideFlags: 0
  m_CorrespondingSourceObject: {fileID: 0}
  m_PrefabInstance: {fileID: 0}
  m_PrefabAsset: {fileID: 0}
  m_GameObject: {fileID: 2163826139648389775}
  m_Enabled: 1
  m_EditorHideFlags: 0
  m_Script: {fileID: 11500000, guid: 94533d393af94a6eb9ecc57d5b1dec63, type: 3}
  m_Name: 
  m_EditorClassIdentifier: 
  UniqueId: cec5136a2d4b74446bc455dd4bfad1c4
  UnchangableMaterial: {fileID: 2100000, guid: 51aff31fb08b8394e99d2e6b18202acb, type: 2}
--- !u!114 &5516958400599022063
MonoBehaviour:
  m_ObjectHideFlags: 0
  m_CorrespondingSourceObject: {fileID: 0}
  m_PrefabInstance: {fileID: 0}
  m_PrefabAsset: {fileID: 0}
  m_GameObject: {fileID: 2163826139648389775}
  m_Enabled: 1
  m_EditorHideFlags: 0
  m_Script: {fileID: 11500000, guid: 79b7b8eaca8044b7bc4562668bc8851d, type: 3}
  m_Name: 
  m_EditorClassIdentifier: 
  StackId: 3
--- !u!1 &2166439511323263915
GameObject:
  m_ObjectHideFlags: 0
  m_CorrespondingSourceObject: {fileID: 0}
  m_PrefabInstance: {fileID: 0}
  m_PrefabAsset: {fileID: 0}
  serializedVersion: 6
  m_Component:
  - component: {fileID: 8794219534270026293}
  - component: {fileID: 6790303501033575411}
  - component: {fileID: 821106764408054316}
  - component: {fileID: 8010901512995921375}
  - component: {fileID: 4645605945369652274}
  - component: {fileID: 1765701203837519541}
  m_Layer: 0
  m_Name: PH3_Ramp_base_3
  m_TagString: Untagged
  m_Icon: {fileID: 0}
  m_NavMeshLayer: 0
  m_StaticEditorFlags: 0
  m_IsActive: 1
--- !u!4 &8794219534270026293
Transform:
  m_ObjectHideFlags: 0
  m_CorrespondingSourceObject: {fileID: 0}
  m_PrefabInstance: {fileID: 0}
  m_PrefabAsset: {fileID: 0}
  m_GameObject: {fileID: 2166439511323263915}
  m_LocalRotation: {x: -0.7071069, y: -0.000000014901161, z: 0.000000007450581, w: 0.70710677}
  m_LocalPosition: {x: -0.019033432, y: 2.8003101, z: -0.48366833}
  m_LocalScale: {x: 100, y: 99.99998, z: 100}
  m_Children: []
  m_Father: {fileID: 1242728984804330378}
  m_RootOrder: 3
  m_LocalEulerAnglesHint: {x: 0, y: 0, z: 0}
--- !u!33 &6790303501033575411
MeshFilter:
  m_ObjectHideFlags: 0
  m_CorrespondingSourceObject: {fileID: 0}
  m_PrefabInstance: {fileID: 0}
  m_PrefabAsset: {fileID: 0}
  m_GameObject: {fileID: 2166439511323263915}
  m_Mesh: {fileID: -3435051907975374405, guid: dde0ad14293c3954a87f3edd7617da69, type: 3}
--- !u!23 &821106764408054316
MeshRenderer:
  m_ObjectHideFlags: 0
  m_CorrespondingSourceObject: {fileID: 0}
  m_PrefabInstance: {fileID: 0}
  m_PrefabAsset: {fileID: 0}
  m_GameObject: {fileID: 2166439511323263915}
  m_Enabled: 1
  m_CastShadows: 1
  m_ReceiveShadows: 1
  m_DynamicOccludee: 1
  m_MotionVectors: 1
  m_LightProbeUsage: 1
  m_ReflectionProbeUsage: 1
  m_RayTracingMode: 2
  m_RayTraceProcedural: 0
  m_RenderingLayerMask: 1
  m_RendererPriority: 0
  m_Materials:
  - {fileID: 2100000, guid: a049d3e91b4d5614abfc0d54af40c8d7, type: 2}
  m_StaticBatchInfo:
    firstSubMesh: 0
    subMeshCount: 0
  m_StaticBatchRoot: {fileID: 0}
  m_ProbeAnchor: {fileID: 0}
  m_LightProbeVolumeOverride: {fileID: 0}
  m_ScaleInLightmap: 1
  m_ReceiveGI: 1
  m_PreserveUVs: 0
  m_IgnoreNormalsForChartDetection: 0
  m_ImportantGI: 0
  m_StitchLightmapSeams: 1
  m_SelectedEditorRenderState: 3
  m_MinimumChartSize: 4
  m_AutoUVMaxDistance: 0.5
  m_AutoUVMaxAngle: 89
  m_LightmapParameters: {fileID: 0}
  m_SortingLayerID: 0
  m_SortingLayer: 0
  m_SortingOrder: 0
  m_AdditionalVertexStreams: {fileID: 0}
--- !u!114 &8010901512995921375
MonoBehaviour:
  m_ObjectHideFlags: 0
  m_CorrespondingSourceObject: {fileID: 0}
  m_PrefabInstance: {fileID: 0}
  m_PrefabAsset: {fileID: 0}
  m_GameObject: {fileID: 2166439511323263915}
  m_Enabled: 1
  m_EditorHideFlags: 0
  m_Script: {fileID: 11500000, guid: 04bc1a2ad9de48179fd3be8e6e14cbb4, type: 3}
  m_Name: 
  m_EditorClassIdentifier: 
  IconPrefab: {fileID: 4136714933549793440, guid: d93c5f29f965b834f81f1723158f40b8,
    type: 3}
  PinPoint: {fileID: 0}
  AdditionalRenderers: []
  SortingPriorityInPanel: 0
--- !u!114 &4645605945369652274
MonoBehaviour:
  m_ObjectHideFlags: 0
  m_CorrespondingSourceObject: {fileID: 0}
  m_PrefabInstance: {fileID: 0}
  m_PrefabAsset: {fileID: 0}
  m_GameObject: {fileID: 2166439511323263915}
  m_Enabled: 1
  m_EditorHideFlags: 0
  m_Script: {fileID: 11500000, guid: 94533d393af94a6eb9ecc57d5b1dec63, type: 3}
  m_Name: 
  m_EditorClassIdentifier: 
  UniqueId: ebee2229dd0129444906a919da3ac2f9
  UnchangableMaterial: {fileID: 2100000, guid: 51aff31fb08b8394e99d2e6b18202acb, type: 2}
--- !u!114 &1765701203837519541
MonoBehaviour:
  m_ObjectHideFlags: 0
  m_CorrespondingSourceObject: {fileID: 0}
  m_PrefabInstance: {fileID: 0}
  m_PrefabAsset: {fileID: 0}
  m_GameObject: {fileID: 2166439511323263915}
  m_Enabled: 1
  m_EditorHideFlags: 0
  m_Script: {fileID: 11500000, guid: 79b7b8eaca8044b7bc4562668bc8851d, type: 3}
  m_Name: 
  m_EditorClassIdentifier: 
  StackId: 3
--- !u!1 &2677343485945290811
GameObject:
  m_ObjectHideFlags: 0
  m_CorrespondingSourceObject: {fileID: 0}
  m_PrefabInstance: {fileID: 0}
  m_PrefabAsset: {fileID: 0}
  serializedVersion: 6
  m_Component:
  - component: {fileID: 6698936586789397088}
  - component: {fileID: 9182542176715437757}
  - component: {fileID: 464581524692074249}
  - component: {fileID: 759763033091235928}
  - component: {fileID: 1935185571393841928}
  - component: {fileID: 854404510372103178}
  m_Layer: 0
  m_Name: PH3_Ramp_holder_4
  m_TagString: Untagged
  m_Icon: {fileID: 0}
  m_NavMeshLayer: 0
  m_StaticEditorFlags: 0
  m_IsActive: 1
--- !u!4 &6698936586789397088
Transform:
  m_ObjectHideFlags: 0
  m_CorrespondingSourceObject: {fileID: 0}
  m_PrefabInstance: {fileID: 0}
  m_PrefabAsset: {fileID: 0}
  m_GameObject: {fileID: 2677343485945290811}
  m_LocalRotation: {x: -0.7071069, y: -0.000000014901161, z: 0.000000007450581, w: 0.70710677}
  m_LocalPosition: {x: -0.55233765, y: 3.0126333, z: 0.0030622482}
  m_LocalScale: {x: 100, y: 99.99998, z: 100}
  m_Children: []
  m_Father: {fileID: 1242728984804330378}
  m_RootOrder: 8
  m_LocalEulerAnglesHint: {x: 0, y: 0, z: 0}
--- !u!33 &9182542176715437757
MeshFilter:
  m_ObjectHideFlags: 0
  m_CorrespondingSourceObject: {fileID: 0}
  m_PrefabInstance: {fileID: 0}
  m_PrefabAsset: {fileID: 0}
  m_GameObject: {fileID: 2677343485945290811}
  m_Mesh: {fileID: 8960123007548997065, guid: dde0ad14293c3954a87f3edd7617da69, type: 3}
--- !u!23 &464581524692074249
MeshRenderer:
  m_ObjectHideFlags: 0
  m_CorrespondingSourceObject: {fileID: 0}
  m_PrefabInstance: {fileID: 0}
  m_PrefabAsset: {fileID: 0}
  m_GameObject: {fileID: 2677343485945290811}
  m_Enabled: 1
  m_CastShadows: 1
  m_ReceiveShadows: 1
  m_DynamicOccludee: 1
  m_MotionVectors: 1
  m_LightProbeUsage: 1
  m_ReflectionProbeUsage: 1
  m_RayTracingMode: 2
  m_RayTraceProcedural: 0
  m_RenderingLayerMask: 1
  m_RendererPriority: 0
  m_Materials:
  - {fileID: 2100000, guid: a049d3e91b4d5614abfc0d54af40c8d7, type: 2}
  m_StaticBatchInfo:
    firstSubMesh: 0
    subMeshCount: 0
  m_StaticBatchRoot: {fileID: 0}
  m_ProbeAnchor: {fileID: 0}
  m_LightProbeVolumeOverride: {fileID: 0}
  m_ScaleInLightmap: 1
  m_ReceiveGI: 1
  m_PreserveUVs: 0
  m_IgnoreNormalsForChartDetection: 0
  m_ImportantGI: 0
  m_StitchLightmapSeams: 1
  m_SelectedEditorRenderState: 3
  m_MinimumChartSize: 4
  m_AutoUVMaxDistance: 0.5
  m_AutoUVMaxAngle: 89
  m_LightmapParameters: {fileID: 0}
  m_SortingLayerID: 0
  m_SortingLayer: 0
  m_SortingOrder: 0
  m_AdditionalVertexStreams: {fileID: 0}
--- !u!114 &759763033091235928
MonoBehaviour:
  m_ObjectHideFlags: 0
  m_CorrespondingSourceObject: {fileID: 0}
  m_PrefabInstance: {fileID: 0}
  m_PrefabAsset: {fileID: 0}
  m_GameObject: {fileID: 2677343485945290811}
  m_Enabled: 1
  m_EditorHideFlags: 0
  m_Script: {fileID: 11500000, guid: 04bc1a2ad9de48179fd3be8e6e14cbb4, type: 3}
  m_Name: 
  m_EditorClassIdentifier: 
  IconPrefab: {fileID: 1929336705210587598, guid: ffb3750b237e5df429ccbaff39a66962,
    type: 3}
  PinPoint: {fileID: 0}
  AdditionalRenderers: []
  SortingPriorityInPanel: 0
--- !u!114 &1935185571393841928
MonoBehaviour:
  m_ObjectHideFlags: 0
  m_CorrespondingSourceObject: {fileID: 0}
  m_PrefabInstance: {fileID: 0}
  m_PrefabAsset: {fileID: 0}
  m_GameObject: {fileID: 2677343485945290811}
  m_Enabled: 1
  m_EditorHideFlags: 0
  m_Script: {fileID: 11500000, guid: 94533d393af94a6eb9ecc57d5b1dec63, type: 3}
  m_Name: 
  m_EditorClassIdentifier: 
  UniqueId: c2a210331ea179a489b1cac882f69848
  UnchangableMaterial: {fileID: 2100000, guid: 51aff31fb08b8394e99d2e6b18202acb, type: 2}
--- !u!114 &854404510372103178
MonoBehaviour:
  m_ObjectHideFlags: 0
  m_CorrespondingSourceObject: {fileID: 0}
  m_PrefabInstance: {fileID: 0}
  m_PrefabAsset: {fileID: 0}
  m_GameObject: {fileID: 2677343485945290811}
  m_Enabled: 1
  m_EditorHideFlags: 0
  m_Script: {fileID: 11500000, guid: 79b7b8eaca8044b7bc4562668bc8851d, type: 3}
  m_Name: 
  m_EditorClassIdentifier: 
  StackId: 4
--- !u!1 &2749780078775076276
GameObject:
  m_ObjectHideFlags: 0
  m_CorrespondingSourceObject: {fileID: 0}
  m_PrefabInstance: {fileID: 0}
  m_PrefabAsset: {fileID: 0}
  serializedVersion: 6
  m_Component:
  - component: {fileID: 2469839396967467386}
  - component: {fileID: 2202016018187877280}
  - component: {fileID: 6058949410760847622}
  - component: {fileID: 7708560122316793641}
  - component: {fileID: 813100372637929300}
  - component: {fileID: 4626014373185541095}
  m_Layer: 0
  m_Name: PH3_Ramp_1
  m_TagString: Untagged
  m_Icon: {fileID: 0}
  m_NavMeshLayer: 0
  m_StaticEditorFlags: 0
  m_IsActive: 1
--- !u!4 &2469839396967467386
Transform:
  m_ObjectHideFlags: 0
  m_CorrespondingSourceObject: {fileID: 0}
  m_PrefabInstance: {fileID: 0}
  m_PrefabAsset: {fileID: 0}
  m_GameObject: {fileID: 2749780078775076276}
  m_LocalRotation: {x: -0.7071069, y: -0.000000014901161, z: 0.000000007450581, w: 0.70710677}
  m_LocalPosition: {x: -0.001124382, y: 3.7434368, z: 1.0933847}
  m_LocalScale: {x: 100, y: 99.99998, z: 99.99999}
  m_Children: []
  m_Father: {fileID: 1242728984804330378}
  m_RootOrder: 9
  m_LocalEulerAnglesHint: {x: 0, y: 0, z: 0}
--- !u!33 &2202016018187877280
MeshFilter:
  m_ObjectHideFlags: 0
  m_CorrespondingSourceObject: {fileID: 0}
  m_PrefabInstance: {fileID: 0}
  m_PrefabAsset: {fileID: 0}
  m_GameObject: {fileID: 2749780078775076276}
  m_Mesh: {fileID: -2136106614105321207, guid: dde0ad14293c3954a87f3edd7617da69, type: 3}
--- !u!23 &6058949410760847622
MeshRenderer:
  m_ObjectHideFlags: 0
  m_CorrespondingSourceObject: {fileID: 0}
  m_PrefabInstance: {fileID: 0}
  m_PrefabAsset: {fileID: 0}
  m_GameObject: {fileID: 2749780078775076276}
  m_Enabled: 1
  m_CastShadows: 1
  m_ReceiveShadows: 1
  m_DynamicOccludee: 1
  m_MotionVectors: 1
  m_LightProbeUsage: 1
  m_ReflectionProbeUsage: 1
  m_RayTracingMode: 2
  m_RayTraceProcedural: 0
  m_RenderingLayerMask: 1
  m_RendererPriority: 0
  m_Materials:
  - {fileID: 2100000, guid: a049d3e91b4d5614abfc0d54af40c8d7, type: 2}
  m_StaticBatchInfo:
    firstSubMesh: 0
    subMeshCount: 0
  m_StaticBatchRoot: {fileID: 0}
  m_ProbeAnchor: {fileID: 0}
  m_LightProbeVolumeOverride: {fileID: 0}
  m_ScaleInLightmap: 1
  m_ReceiveGI: 1
  m_PreserveUVs: 0
  m_IgnoreNormalsForChartDetection: 0
  m_ImportantGI: 0
  m_StitchLightmapSeams: 1
  m_SelectedEditorRenderState: 3
  m_MinimumChartSize: 4
  m_AutoUVMaxDistance: 0.5
  m_AutoUVMaxAngle: 89
  m_LightmapParameters: {fileID: 0}
  m_SortingLayerID: 0
  m_SortingLayer: 0
  m_SortingOrder: 0
  m_AdditionalVertexStreams: {fileID: 0}
--- !u!114 &7708560122316793641
MonoBehaviour:
  m_ObjectHideFlags: 0
  m_CorrespondingSourceObject: {fileID: 0}
  m_PrefabInstance: {fileID: 0}
  m_PrefabAsset: {fileID: 0}
  m_GameObject: {fileID: 2749780078775076276}
  m_Enabled: 1
  m_EditorHideFlags: 0
  m_Script: {fileID: 11500000, guid: 04bc1a2ad9de48179fd3be8e6e14cbb4, type: 3}
  m_Name: 
  m_EditorClassIdentifier: 
  IconPrefab: {fileID: 8800462013480652682, guid: 22b75a751f2aecb478763c6461dd2e87,
    type: 3}
  PinPoint: {fileID: 0}
  AdditionalRenderers: []
  SortingPriorityInPanel: 0
--- !u!114 &813100372637929300
MonoBehaviour:
  m_ObjectHideFlags: 0
  m_CorrespondingSourceObject: {fileID: 0}
  m_PrefabInstance: {fileID: 0}
  m_PrefabAsset: {fileID: 0}
  m_GameObject: {fileID: 2749780078775076276}
  m_Enabled: 1
  m_EditorHideFlags: 0
  m_Script: {fileID: 11500000, guid: 94533d393af94a6eb9ecc57d5b1dec63, type: 3}
  m_Name: 
  m_EditorClassIdentifier: 
  UniqueId: 01bcb359e5512c5479bd8ccfa1670f25
  UnchangableMaterial: {fileID: 2100000, guid: 51aff31fb08b8394e99d2e6b18202acb, type: 2}
--- !u!114 &4626014373185541095
MonoBehaviour:
  m_ObjectHideFlags: 0
  m_CorrespondingSourceObject: {fileID: 0}
  m_PrefabInstance: {fileID: 0}
  m_PrefabAsset: {fileID: 0}
  m_GameObject: {fileID: 2749780078775076276}
  m_Enabled: 1
  m_EditorHideFlags: 0
  m_Script: {fileID: 11500000, guid: 79b7b8eaca8044b7bc4562668bc8851d, type: 3}
  m_Name: 
  m_EditorClassIdentifier: 
  StackId: 2
--- !u!1 &2779333569887473566
GameObject:
  m_ObjectHideFlags: 0
  m_CorrespondingSourceObject: {fileID: 0}
  m_PrefabInstance: {fileID: 0}
  m_PrefabAsset: {fileID: 0}
  serializedVersion: 6
  m_Component:
  - component: {fileID: 2251917294422005505}
  - component: {fileID: 5355895532885499650}
  - component: {fileID: 981918919356569043}
  - component: {fileID: 2694345026261418348}
  - component: {fileID: 9120495604096944644}
  - component: {fileID: 1607227778004129560}
  m_Layer: 0
  m_Name: PH3_Ramp_2
  m_TagString: Untagged
  m_Icon: {fileID: 0}
  m_NavMeshLayer: 0
  m_StaticEditorFlags: 0
  m_IsActive: 1
--- !u!4 &2251917294422005505
Transform:
  m_ObjectHideFlags: 0
  m_CorrespondingSourceObject: {fileID: 0}
  m_PrefabInstance: {fileID: 0}
  m_PrefabAsset: {fileID: 0}
  m_GameObject: {fileID: 2779333569887473566}
  m_LocalRotation: {x: -0.7071069, y: -0.000000014901161, z: 0.000000007450581, w: 0.70710677}
  m_LocalPosition: {x: 1.0884895, y: 3.7434378, z: 0.006108284}
  m_LocalScale: {x: 100, y: 99.99998, z: 99.99999}
  m_Children: []
  m_Father: {fileID: 1242728984804330378}
  m_RootOrder: 10
  m_LocalEulerAnglesHint: {x: 0, y: 0, z: 0}
--- !u!33 &5355895532885499650
MeshFilter:
  m_ObjectHideFlags: 0
  m_CorrespondingSourceObject: {fileID: 0}
  m_PrefabInstance: {fileID: 0}
  m_PrefabAsset: {fileID: 0}
  m_GameObject: {fileID: 2779333569887473566}
  m_Mesh: {fileID: -5613451728406915868, guid: dde0ad14293c3954a87f3edd7617da69, type: 3}
--- !u!23 &981918919356569043
MeshRenderer:
  m_ObjectHideFlags: 0
  m_CorrespondingSourceObject: {fileID: 0}
  m_PrefabInstance: {fileID: 0}
  m_PrefabAsset: {fileID: 0}
  m_GameObject: {fileID: 2779333569887473566}
  m_Enabled: 1
  m_CastShadows: 1
  m_ReceiveShadows: 1
  m_DynamicOccludee: 1
  m_MotionVectors: 1
  m_LightProbeUsage: 1
  m_ReflectionProbeUsage: 1
  m_RayTracingMode: 2
  m_RayTraceProcedural: 0
  m_RenderingLayerMask: 1
  m_RendererPriority: 0
  m_Materials:
  - {fileID: 2100000, guid: a049d3e91b4d5614abfc0d54af40c8d7, type: 2}
  m_StaticBatchInfo:
    firstSubMesh: 0
    subMeshCount: 0
  m_StaticBatchRoot: {fileID: 0}
  m_ProbeAnchor: {fileID: 0}
  m_LightProbeVolumeOverride: {fileID: 0}
  m_ScaleInLightmap: 1
  m_ReceiveGI: 1
  m_PreserveUVs: 0
  m_IgnoreNormalsForChartDetection: 0
  m_ImportantGI: 0
  m_StitchLightmapSeams: 1
  m_SelectedEditorRenderState: 3
  m_MinimumChartSize: 4
  m_AutoUVMaxDistance: 0.5
  m_AutoUVMaxAngle: 89
  m_LightmapParameters: {fileID: 0}
  m_SortingLayerID: 0
  m_SortingLayer: 0
  m_SortingOrder: 0
  m_AdditionalVertexStreams: {fileID: 0}
--- !u!114 &2694345026261418348
MonoBehaviour:
  m_ObjectHideFlags: 0
  m_CorrespondingSourceObject: {fileID: 0}
  m_PrefabInstance: {fileID: 0}
  m_PrefabAsset: {fileID: 0}
  m_GameObject: {fileID: 2779333569887473566}
  m_Enabled: 1
  m_EditorHideFlags: 0
  m_Script: {fileID: 11500000, guid: 04bc1a2ad9de48179fd3be8e6e14cbb4, type: 3}
  m_Name: 
  m_EditorClassIdentifier: 
  IconPrefab: {fileID: 5588608431707552715, guid: aa2a8e6762653d141b5610b667ea26ca,
    type: 3}
  PinPoint: {fileID: 0}
  AdditionalRenderers: []
  SortingPriorityInPanel: 0
--- !u!114 &9120495604096944644
MonoBehaviour:
  m_ObjectHideFlags: 0
  m_CorrespondingSourceObject: {fileID: 0}
  m_PrefabInstance: {fileID: 0}
  m_PrefabAsset: {fileID: 0}
  m_GameObject: {fileID: 2779333569887473566}
  m_Enabled: 1
  m_EditorHideFlags: 0
  m_Script: {fileID: 11500000, guid: 94533d393af94a6eb9ecc57d5b1dec63, type: 3}
  m_Name: 
  m_EditorClassIdentifier: 
  UniqueId: 3e22084a422ba5f4c855d0a237ba4c06
  UnchangableMaterial: {fileID: 2100000, guid: 51aff31fb08b8394e99d2e6b18202acb, type: 2}
--- !u!114 &1607227778004129560
MonoBehaviour:
  m_ObjectHideFlags: 0
  m_CorrespondingSourceObject: {fileID: 0}
  m_PrefabInstance: {fileID: 0}
  m_PrefabAsset: {fileID: 0}
  m_GameObject: {fileID: 2779333569887473566}
  m_Enabled: 1
  m_EditorHideFlags: 0
  m_Script: {fileID: 11500000, guid: 79b7b8eaca8044b7bc4562668bc8851d, type: 3}
  m_Name: 
  m_EditorClassIdentifier: 
  StackId: 2
--- !u!1 &2932956090703434038
GameObject:
  m_ObjectHideFlags: 0
  m_CorrespondingSourceObject: {fileID: 0}
  m_PrefabInstance: {fileID: 0}
  m_PrefabAsset: {fileID: 0}
  serializedVersion: 6
  m_Component:
  - component: {fileID: 5177091353945739482}
  - component: {fileID: 4615190038035988680}
  - component: {fileID: 7226906539898412358}
  - component: {fileID: 6371405537462660708}
  - component: {fileID: 560502643529611604}
  - component: {fileID: 1236686245499382745}
  m_Layer: 0
  m_Name: PH3_Ball_2
  m_TagString: Untagged
  m_Icon: {fileID: 0}
  m_NavMeshLayer: 0
  m_StaticEditorFlags: 0
  m_IsActive: 1
--- !u!4 &5177091353945739482
Transform:
  m_ObjectHideFlags: 0
  m_CorrespondingSourceObject: {fileID: 0}
  m_PrefabInstance: {fileID: 0}
  m_PrefabAsset: {fileID: 0}
  m_GameObject: {fileID: 2932956090703434038}
  m_LocalRotation: {x: -0.7071069, y: -0.00000011920929, z: 0.00000013411045, w: 0.7071067}
  m_LocalPosition: {x: -0.000875473, y: 4.270335, z: -0.00009441376}
  m_LocalScale: {x: 100, y: 99.999985, z: 99.999985}
  m_Children: []
  m_Father: {fileID: 1242728984804330378}
  m_RootOrder: 14
  m_LocalEulerAnglesHint: {x: 0, y: 0, z: 0}
--- !u!33 &4615190038035988680
MeshFilter:
  m_ObjectHideFlags: 0
  m_CorrespondingSourceObject: {fileID: 0}
  m_PrefabInstance: {fileID: 0}
  m_PrefabAsset: {fileID: 0}
  m_GameObject: {fileID: 2932956090703434038}
  m_Mesh: {fileID: -57345416715353671, guid: dde0ad14293c3954a87f3edd7617da69, type: 3}
--- !u!23 &7226906539898412358
MeshRenderer:
  m_ObjectHideFlags: 0
  m_CorrespondingSourceObject: {fileID: 0}
  m_PrefabInstance: {fileID: 0}
  m_PrefabAsset: {fileID: 0}
  m_GameObject: {fileID: 2932956090703434038}
  m_Enabled: 1
  m_CastShadows: 1
  m_ReceiveShadows: 1
  m_DynamicOccludee: 1
  m_MotionVectors: 1
  m_LightProbeUsage: 1
  m_ReflectionProbeUsage: 1
  m_RayTracingMode: 2
  m_RayTraceProcedural: 0
  m_RenderingLayerMask: 1
  m_RendererPriority: 0
  m_Materials:
  - {fileID: 2100000, guid: a049d3e91b4d5614abfc0d54af40c8d7, type: 2}
  m_StaticBatchInfo:
    firstSubMesh: 0
    subMeshCount: 0
  m_StaticBatchRoot: {fileID: 0}
  m_ProbeAnchor: {fileID: 0}
  m_LightProbeVolumeOverride: {fileID: 0}
  m_ScaleInLightmap: 1
  m_ReceiveGI: 1
  m_PreserveUVs: 0
  m_IgnoreNormalsForChartDetection: 0
  m_ImportantGI: 0
  m_StitchLightmapSeams: 1
  m_SelectedEditorRenderState: 3
  m_MinimumChartSize: 4
  m_AutoUVMaxDistance: 0.5
  m_AutoUVMaxAngle: 89
  m_LightmapParameters: {fileID: 0}
  m_SortingLayerID: 0
  m_SortingLayer: 0
  m_SortingOrder: 0
  m_AdditionalVertexStreams: {fileID: 0}
--- !u!114 &6371405537462660708
MonoBehaviour:
  m_ObjectHideFlags: 0
  m_CorrespondingSourceObject: {fileID: 0}
  m_PrefabInstance: {fileID: 0}
  m_PrefabAsset: {fileID: 0}
  m_GameObject: {fileID: 2932956090703434038}
  m_Enabled: 1
  m_EditorHideFlags: 0
  m_Script: {fileID: 11500000, guid: 04bc1a2ad9de48179fd3be8e6e14cbb4, type: 3}
  m_Name: 
  m_EditorClassIdentifier: 
  IconPrefab: {fileID: 528288223242180054, guid: a899404ef7a19a84abab81fd4646c6f5,
    type: 3}
  PinPoint: {fileID: 0}
  AdditionalRenderers: []
  SortingPriorityInPanel: 0
--- !u!114 &560502643529611604
MonoBehaviour:
  m_ObjectHideFlags: 0
  m_CorrespondingSourceObject: {fileID: 0}
  m_PrefabInstance: {fileID: 0}
  m_PrefabAsset: {fileID: 0}
  m_GameObject: {fileID: 2932956090703434038}
  m_Enabled: 1
  m_EditorHideFlags: 0
  m_Script: {fileID: 11500000, guid: 94533d393af94a6eb9ecc57d5b1dec63, type: 3}
  m_Name: 
  m_EditorClassIdentifier: 
  UniqueId: d68b25f773e011844b83b4af27b9f142
  UnchangableMaterial: {fileID: 2100000, guid: 51aff31fb08b8394e99d2e6b18202acb, type: 2}
--- !u!114 &1236686245499382745
MonoBehaviour:
  m_ObjectHideFlags: 0
  m_CorrespondingSourceObject: {fileID: 0}
  m_PrefabInstance: {fileID: 0}
  m_PrefabAsset: {fileID: 0}
  m_GameObject: {fileID: 2932956090703434038}
  m_Enabled: 1
  m_EditorHideFlags: 0
  m_Script: {fileID: 11500000, guid: 79b7b8eaca8044b7bc4562668bc8851d, type: 3}
  m_Name: 
  m_EditorClassIdentifier: 
  StackId: 1
--- !u!1 &2978214523842167552
GameObject:
  m_ObjectHideFlags: 0
  m_CorrespondingSourceObject: {fileID: 0}
  m_PrefabInstance: {fileID: 0}
  m_PrefabAsset: {fileID: 0}
  serializedVersion: 6
  m_Component:
  - component: {fileID: 6210796513212900929}
  - component: {fileID: 7593249525419530096}
  - component: {fileID: 2922508158489248871}
  - component: {fileID: 1935745493194873136}
  - component: {fileID: 6146173410977934016}
  - component: {fileID: 6946469858977510943}
  m_Layer: 0
  m_Name: PH3_Ramp_holder_2
  m_TagString: Untagged
  m_Icon: {fileID: 0}
  m_NavMeshLayer: 0
  m_StaticEditorFlags: 0
  m_IsActive: 1
--- !u!4 &6210796513212900929
Transform:
  m_ObjectHideFlags: 0
  m_CorrespondingSourceObject: {fileID: 0}
  m_PrefabInstance: {fileID: 0}
  m_PrefabAsset: {fileID: 0}
  m_GameObject: {fileID: 2978214523842167552}
  m_LocalRotation: {x: -0.7071069, y: -0.000000014901161, z: 0.000000007450581, w: 0.70710677}
  m_LocalPosition: {x: 0.5527096, y: 3.0126352, z: 0.0065050125}
  m_LocalScale: {x: 100, y: 99.99998, z: 100}
  m_Children: []
  m_Father: {fileID: 1242728984804330378}
  m_RootOrder: 6
  m_LocalEulerAnglesHint: {x: 0, y: 0, z: 0}
--- !u!33 &7593249525419530096
MeshFilter:
  m_ObjectHideFlags: 0
  m_CorrespondingSourceObject: {fileID: 0}
  m_PrefabInstance: {fileID: 0}
  m_PrefabAsset: {fileID: 0}
  m_GameObject: {fileID: 2978214523842167552}
  m_Mesh: {fileID: -7523215907084628335, guid: dde0ad14293c3954a87f3edd7617da69, type: 3}
--- !u!23 &2922508158489248871
MeshRenderer:
  m_ObjectHideFlags: 0
  m_CorrespondingSourceObject: {fileID: 0}
  m_PrefabInstance: {fileID: 0}
  m_PrefabAsset: {fileID: 0}
  m_GameObject: {fileID: 2978214523842167552}
  m_Enabled: 1
  m_CastShadows: 1
  m_ReceiveShadows: 1
  m_DynamicOccludee: 1
  m_MotionVectors: 1
  m_LightProbeUsage: 1
  m_ReflectionProbeUsage: 1
  m_RayTracingMode: 2
  m_RayTraceProcedural: 0
  m_RenderingLayerMask: 1
  m_RendererPriority: 0
  m_Materials:
  - {fileID: 2100000, guid: a049d3e91b4d5614abfc0d54af40c8d7, type: 2}
  m_StaticBatchInfo:
    firstSubMesh: 0
    subMeshCount: 0
  m_StaticBatchRoot: {fileID: 0}
  m_ProbeAnchor: {fileID: 0}
  m_LightProbeVolumeOverride: {fileID: 0}
  m_ScaleInLightmap: 1
  m_ReceiveGI: 1
  m_PreserveUVs: 0
  m_IgnoreNormalsForChartDetection: 0
  m_ImportantGI: 0
  m_StitchLightmapSeams: 1
  m_SelectedEditorRenderState: 3
  m_MinimumChartSize: 4
  m_AutoUVMaxDistance: 0.5
  m_AutoUVMaxAngle: 89
  m_LightmapParameters: {fileID: 0}
  m_SortingLayerID: 0
  m_SortingLayer: 0
  m_SortingOrder: 0
  m_AdditionalVertexStreams: {fileID: 0}
--- !u!114 &1935745493194873136
MonoBehaviour:
  m_ObjectHideFlags: 0
  m_CorrespondingSourceObject: {fileID: 0}
  m_PrefabInstance: {fileID: 0}
  m_PrefabAsset: {fileID: 0}
  m_GameObject: {fileID: 2978214523842167552}
  m_Enabled: 1
  m_EditorHideFlags: 0
  m_Script: {fileID: 11500000, guid: 04bc1a2ad9de48179fd3be8e6e14cbb4, type: 3}
  m_Name: 
  m_EditorClassIdentifier: 
  IconPrefab: {fileID: 1929870365310260833, guid: a32ddc6872d52de49993055d3d9c8ef1,
    type: 3}
  PinPoint: {fileID: 0}
  AdditionalRenderers: []
  SortingPriorityInPanel: 0
--- !u!114 &6146173410977934016
MonoBehaviour:
  m_ObjectHideFlags: 0
  m_CorrespondingSourceObject: {fileID: 0}
  m_PrefabInstance: {fileID: 0}
  m_PrefabAsset: {fileID: 0}
  m_GameObject: {fileID: 2978214523842167552}
  m_Enabled: 1
  m_EditorHideFlags: 0
  m_Script: {fileID: 11500000, guid: 94533d393af94a6eb9ecc57d5b1dec63, type: 3}
  m_Name: 
  m_EditorClassIdentifier: 
  UniqueId: fccd91706cf6eee4aa1477a4794d330a
  UnchangableMaterial: {fileID: 2100000, guid: 51aff31fb08b8394e99d2e6b18202acb, type: 2}
--- !u!114 &6946469858977510943
MonoBehaviour:
  m_ObjectHideFlags: 0
  m_CorrespondingSourceObject: {fileID: 0}
  m_PrefabInstance: {fileID: 0}
  m_PrefabAsset: {fileID: 0}
  m_GameObject: {fileID: 2978214523842167552}
  m_Enabled: 1
  m_EditorHideFlags: 0
  m_Script: {fileID: 11500000, guid: 79b7b8eaca8044b7bc4562668bc8851d, type: 3}
  m_Name: 
  m_EditorClassIdentifier: 
  StackId: 4
--- !u!1 &4372504827073099838
GameObject:
  m_ObjectHideFlags: 0
  m_CorrespondingSourceObject: {fileID: 0}
  m_PrefabInstance: {fileID: 0}
  m_PrefabAsset: {fileID: 0}
  serializedVersion: 6
  m_Component:
  - component: {fileID: 1005443134831538807}
  - component: {fileID: 5448390224329005456}
  - component: {fileID: 553414929037196979}
  - component: {fileID: 9151312557210510191}
  - component: {fileID: 4200229333500585593}
  m_Layer: 0
  m_Name: PH3_Ramp_middle
  m_TagString: Untagged
  m_Icon: {fileID: 0}
  m_NavMeshLayer: 0
  m_StaticEditorFlags: 0
  m_IsActive: 1
--- !u!4 &1005443134831538807
Transform:
  m_ObjectHideFlags: 0
  m_CorrespondingSourceObject: {fileID: 0}
  m_PrefabInstance: {fileID: 0}
  m_PrefabAsset: {fileID: 0}
  m_GameObject: {fileID: 4372504827073099838}
  m_LocalRotation: {x: -0.7071069, y: -0.000000014901161, z: 0.000000007450581, w: 0.70710677}
  m_LocalPosition: {x: -0, y: 3.4104786, z: 0.00650692}
  m_LocalScale: {x: 100, y: 99.99998, z: 100}
  m_Children: []
  m_Father: {fileID: 1242728984804330378}
  m_RootOrder: 13
  m_LocalEulerAnglesHint: {x: 0, y: 0, z: 0}
--- !u!33 &5448390224329005456
MeshFilter:
  m_ObjectHideFlags: 0
  m_CorrespondingSourceObject: {fileID: 0}
  m_PrefabInstance: {fileID: 0}
  m_PrefabAsset: {fileID: 0}
  m_GameObject: {fileID: 4372504827073099838}
  m_Mesh: {fileID: -8013881442951711634, guid: dde0ad14293c3954a87f3edd7617da69, type: 3}
--- !u!23 &553414929037196979
MeshRenderer:
  m_ObjectHideFlags: 0
  m_CorrespondingSourceObject: {fileID: 0}
  m_PrefabInstance: {fileID: 0}
  m_PrefabAsset: {fileID: 0}
  m_GameObject: {fileID: 4372504827073099838}
  m_Enabled: 1
  m_CastShadows: 1
  m_ReceiveShadows: 1
  m_DynamicOccludee: 1
  m_MotionVectors: 1
  m_LightProbeUsage: 1
  m_ReflectionProbeUsage: 1
  m_RayTracingMode: 2
  m_RayTraceProcedural: 0
  m_RenderingLayerMask: 1
  m_RendererPriority: 0
  m_Materials:
  - {fileID: 2100000, guid: a049d3e91b4d5614abfc0d54af40c8d7, type: 2}
  m_StaticBatchInfo:
    firstSubMesh: 0
    subMeshCount: 0
  m_StaticBatchRoot: {fileID: 0}
  m_ProbeAnchor: {fileID: 0}
  m_LightProbeVolumeOverride: {fileID: 0}
  m_ScaleInLightmap: 1
  m_ReceiveGI: 1
  m_PreserveUVs: 0
  m_IgnoreNormalsForChartDetection: 0
  m_ImportantGI: 0
  m_StitchLightmapSeams: 1
  m_SelectedEditorRenderState: 3
  m_MinimumChartSize: 4
  m_AutoUVMaxDistance: 0.5
  m_AutoUVMaxAngle: 89
  m_LightmapParameters: {fileID: 0}
  m_SortingLayerID: 0
  m_SortingLayer: 0
  m_SortingOrder: 0
  m_AdditionalVertexStreams: {fileID: 0}
--- !u!114 &9151312557210510191
MonoBehaviour:
  m_ObjectHideFlags: 0
  m_CorrespondingSourceObject: {fileID: 0}
  m_PrefabInstance: {fileID: 0}
  m_PrefabAsset: {fileID: 0}
  m_GameObject: {fileID: 4372504827073099838}
  m_Enabled: 1
  m_EditorHideFlags: 0
  m_Script: {fileID: 11500000, guid: 04bc1a2ad9de48179fd3be8e6e14cbb4, type: 3}
  m_Name: 
  m_EditorClassIdentifier: 
  IconPrefab: {fileID: 1900218551261633453, guid: ca7e34114b29c8c41939c87c9f27e377,
    type: 3}
  PinPoint: {fileID: 0}
  AdditionalRenderers: []
  SortingPriorityInPanel: 0
--- !u!114 &4200229333500585593
MonoBehaviour:
  m_ObjectHideFlags: 0
  m_CorrespondingSourceObject: {fileID: 0}
  m_PrefabInstance: {fileID: 0}
  m_PrefabAsset: {fileID: 0}
  m_GameObject: {fileID: 4372504827073099838}
  m_Enabled: 1
  m_EditorHideFlags: 0
  m_Script: {fileID: 11500000, guid: 94533d393af94a6eb9ecc57d5b1dec63, type: 3}
  m_Name: 
  m_EditorClassIdentifier: 
  UniqueId: 406df5704ef2a3a4a9ba46efe7b8533d
  UnchangableMaterial: {fileID: 2100000, guid: 51aff31fb08b8394e99d2e6b18202acb, type: 2}
--- !u!1 &4984614378791423496
GameObject:
  m_ObjectHideFlags: 0
  m_CorrespondingSourceObject: {fileID: 0}
  m_PrefabInstance: {fileID: 0}
  m_PrefabAsset: {fileID: 0}
  serializedVersion: 6
  m_Component:
  - component: {fileID: 8630363388496687529}
  - component: {fileID: 1352052338240791623}
  - component: {fileID: 14681627971600197}
  - component: {fileID: 2613741555062189104}
  m_Layer: 0
  m_Name: PH3_Stand
  m_TagString: Untagged
  m_Icon: {fileID: 0}
  m_NavMeshLayer: 0
  m_StaticEditorFlags: 0
  m_IsActive: 1
--- !u!4 &8630363388496687529
Transform:
  m_ObjectHideFlags: 0
  m_CorrespondingSourceObject: {fileID: 0}
  m_PrefabInstance: {fileID: 0}
  m_PrefabAsset: {fileID: 0}
  m_GameObject: {fileID: 4984614378791423496}
  m_LocalRotation: {x: 0.5, y: 0.49999997, z: 0.5, w: -0.5}
  m_LocalPosition: {x: 0.010658879, y: 1.9295127, z: 0.0065453937}
  m_LocalScale: {x: 88.05159, y: 88.05159, z: 88.05159}
  m_Children: []
  m_Father: {fileID: 1242728984804330378}
  m_RootOrder: 17
  m_LocalEulerAnglesHint: {x: 0, y: 0, z: 0}
--- !u!33 &1352052338240791623
MeshFilter:
  m_ObjectHideFlags: 0
  m_CorrespondingSourceObject: {fileID: 0}
  m_PrefabInstance: {fileID: 0}
  m_PrefabAsset: {fileID: 0}
  m_GameObject: {fileID: 4984614378791423496}
  m_Mesh: {fileID: -2727116699178127324, guid: 8a5b32d1469370447a03d558af883dfa, type: 3}
--- !u!23 &14681627971600197
MeshRenderer:
  m_ObjectHideFlags: 0
  m_CorrespondingSourceObject: {fileID: 0}
  m_PrefabInstance: {fileID: 0}
  m_PrefabAsset: {fileID: 0}
  m_GameObject: {fileID: 4984614378791423496}
  m_Enabled: 1
  m_CastShadows: 1
  m_ReceiveShadows: 1
  m_DynamicOccludee: 1
  m_MotionVectors: 1
  m_LightProbeUsage: 1
  m_ReflectionProbeUsage: 1
  m_RayTracingMode: 2
  m_RayTraceProcedural: 0
  m_RenderingLayerMask: 1
  m_RendererPriority: 0
  m_Materials:
  - {fileID: 2100000, guid: 9689b55829fbad94b8a002702fcca6f1, type: 2}
  m_StaticBatchInfo:
    firstSubMesh: 0
    subMeshCount: 0
  m_StaticBatchRoot: {fileID: 0}
  m_ProbeAnchor: {fileID: 0}
  m_LightProbeVolumeOverride: {fileID: 0}
  m_ScaleInLightmap: 1
  m_ReceiveGI: 1
  m_PreserveUVs: 0
  m_IgnoreNormalsForChartDetection: 0
  m_ImportantGI: 0
  m_StitchLightmapSeams: 1
  m_SelectedEditorRenderState: 3
  m_MinimumChartSize: 4
  m_AutoUVMaxDistance: 0.5
  m_AutoUVMaxAngle: 89
  m_LightmapParameters: {fileID: 0}
  m_SortingLayerID: 0
  m_SortingLayer: 0
  m_SortingOrder: 0
  m_AdditionalVertexStreams: {fileID: 0}
--- !u!114 &2613741555062189104
MonoBehaviour:
  m_ObjectHideFlags: 0
  m_CorrespondingSourceObject: {fileID: 0}
  m_PrefabInstance: {fileID: 0}
  m_PrefabAsset: {fileID: 0}
  m_GameObject: {fileID: 4984614378791423496}
  m_Enabled: 1
  m_EditorHideFlags: 0
  m_Script: {fileID: 11500000, guid: a7333d57c9b37414dbd9bb1e5bf1b216, type: 3}
  m_Name: 
  m_EditorClassIdentifier: 
--- !u!1 &4997746883413020325
GameObject:
  m_ObjectHideFlags: 0
  m_CorrespondingSourceObject: {fileID: 0}
  m_PrefabInstance: {fileID: 0}
  m_PrefabAsset: {fileID: 0}
  serializedVersion: 6
  m_Component:
  - component: {fileID: 48942076791360238}
  - component: {fileID: 2627917447339199986}
  - component: {fileID: 6085044326329541769}
  - component: {fileID: 7073771810474772914}
  m_Layer: 0
  m_Name: Stand_lid_C3
  m_TagString: Untagged
  m_Icon: {fileID: 0}
  m_NavMeshLayer: 0
  m_StaticEditorFlags: 0
  m_IsActive: 1
--- !u!4 &48942076791360238
Transform:
  m_ObjectHideFlags: 0
  m_CorrespondingSourceObject: {fileID: 0}
  m_PrefabInstance: {fileID: 0}
  m_PrefabAsset: {fileID: 0}
  m_GameObject: {fileID: 4997746883413020325}
  m_LocalRotation: {x: -0.5, y: -0.5, z: -0.5, w: 0.5}
  m_LocalPosition: {x: 0.01065894, y: 2.576, z: 0.009}
  m_LocalScale: {x: 88.05159, y: 88.05159, z: 88.05159}
  m_Children: []
  m_Father: {fileID: 1242728984804330378}
  m_RootOrder: 16
  m_LocalEulerAnglesHint: {x: -90, y: 0, z: -90}
--- !u!33 &2627917447339199986
MeshFilter:
  m_ObjectHideFlags: 0
  m_CorrespondingSourceObject: {fileID: 0}
  m_PrefabInstance: {fileID: 0}
  m_PrefabAsset: {fileID: 0}
  m_GameObject: {fileID: 4997746883413020325}
  m_Mesh: {fileID: -4743962988463278263, guid: 8a5b32d1469370447a03d558af883dfa, type: 3}
--- !u!23 &6085044326329541769
MeshRenderer:
  m_ObjectHideFlags: 0
  m_CorrespondingSourceObject: {fileID: 0}
  m_PrefabInstance: {fileID: 0}
  m_PrefabAsset: {fileID: 0}
  m_GameObject: {fileID: 4997746883413020325}
  m_Enabled: 1
  m_CastShadows: 1
  m_ReceiveShadows: 1
  m_DynamicOccludee: 1
  m_MotionVectors: 1
  m_LightProbeUsage: 1
  m_ReflectionProbeUsage: 1
  m_RayTracingMode: 2
  m_RayTraceProcedural: 0
  m_RenderingLayerMask: 1
  m_RendererPriority: 0
  m_Materials:
  - {fileID: 2100000, guid: 9689b55829fbad94b8a002702fcca6f1, type: 2}
  m_StaticBatchInfo:
    firstSubMesh: 0
    subMeshCount: 0
  m_StaticBatchRoot: {fileID: 0}
  m_ProbeAnchor: {fileID: 0}
  m_LightProbeVolumeOverride: {fileID: 0}
  m_ScaleInLightmap: 1
  m_ReceiveGI: 1
  m_PreserveUVs: 0
  m_IgnoreNormalsForChartDetection: 0
  m_ImportantGI: 0
  m_StitchLightmapSeams: 1
  m_SelectedEditorRenderState: 3
  m_MinimumChartSize: 4
  m_AutoUVMaxDistance: 0.5
  m_AutoUVMaxAngle: 89
  m_LightmapParameters: {fileID: 0}
  m_SortingLayerID: 0
  m_SortingLayer: 0
  m_SortingOrder: 0
  m_AdditionalVertexStreams: {fileID: 0}
--- !u!114 &7073771810474772914
MonoBehaviour:
  m_ObjectHideFlags: 0
  m_CorrespondingSourceObject: {fileID: 0}
  m_PrefabInstance: {fileID: 0}
  m_PrefabAsset: {fileID: 0}
  m_GameObject: {fileID: 4997746883413020325}
  m_Enabled: 1
  m_EditorHideFlags: 0
  m_Script: {fileID: 11500000, guid: a7333d57c9b37414dbd9bb1e5bf1b216, type: 3}
  m_Name: 
  m_EditorClassIdentifier: 
--- !u!1 &6310390059895276588
GameObject:
  m_ObjectHideFlags: 0
  m_CorrespondingSourceObject: {fileID: 0}
  m_PrefabInstance: {fileID: 0}
  m_PrefabAsset: {fileID: 0}
  serializedVersion: 6
  m_Component:
  - component: {fileID: 1424356014467679829}
  - component: {fileID: 8313208475369507747}
  - component: {fileID: 8538849649715955689}
  - component: {fileID: 4239719734058362065}
  - component: {fileID: 2215802550396283356}
  - component: {fileID: 3440819128412603605}
  m_Layer: 0
  m_Name: PH3_Ramp_holder_3
  m_TagString: Untagged
  m_Icon: {fileID: 0}
  m_NavMeshLayer: 0
  m_StaticEditorFlags: 0
  m_IsActive: 1
--- !u!4 &1424356014467679829
Transform:
  m_ObjectHideFlags: 0
  m_CorrespondingSourceObject: {fileID: 0}
  m_PrefabInstance: {fileID: 0}
  m_PrefabAsset: {fileID: 0}
  m_GameObject: {fileID: 6310390059895276588}
  m_LocalRotation: {x: -0.7071069, y: -0.000000014901161, z: 0.000000007450581, w: 0.70710677}
  m_LocalPosition: {x: 0.001906395, y: 3.0126343, z: -0.54774}
  m_LocalScale: {x: 100, y: 99.99998, z: 100}
  m_Children: []
  m_Father: {fileID: 1242728984804330378}
  m_RootOrder: 7
  m_LocalEulerAnglesHint: {x: 0, y: 0, z: 0}
--- !u!33 &8313208475369507747
MeshFilter:
  m_ObjectHideFlags: 0
  m_CorrespondingSourceObject: {fileID: 0}
  m_PrefabInstance: {fileID: 0}
  m_PrefabAsset: {fileID: 0}
  m_GameObject: {fileID: 6310390059895276588}
  m_Mesh: {fileID: 2133585531331375225, guid: dde0ad14293c3954a87f3edd7617da69, type: 3}
--- !u!23 &8538849649715955689
MeshRenderer:
  m_ObjectHideFlags: 0
  m_CorrespondingSourceObject: {fileID: 0}
  m_PrefabInstance: {fileID: 0}
  m_PrefabAsset: {fileID: 0}
  m_GameObject: {fileID: 6310390059895276588}
  m_Enabled: 1
  m_CastShadows: 1
  m_ReceiveShadows: 1
  m_DynamicOccludee: 1
  m_MotionVectors: 1
  m_LightProbeUsage: 1
  m_ReflectionProbeUsage: 1
  m_RayTracingMode: 2
  m_RayTraceProcedural: 0
  m_RenderingLayerMask: 1
  m_RendererPriority: 0
  m_Materials:
  - {fileID: 2100000, guid: a049d3e91b4d5614abfc0d54af40c8d7, type: 2}
  m_StaticBatchInfo:
    firstSubMesh: 0
    subMeshCount: 0
  m_StaticBatchRoot: {fileID: 0}
  m_ProbeAnchor: {fileID: 0}
  m_LightProbeVolumeOverride: {fileID: 0}
  m_ScaleInLightmap: 1
  m_ReceiveGI: 1
  m_PreserveUVs: 0
  m_IgnoreNormalsForChartDetection: 0
  m_ImportantGI: 0
  m_StitchLightmapSeams: 1
  m_SelectedEditorRenderState: 3
  m_MinimumChartSize: 4
  m_AutoUVMaxDistance: 0.5
  m_AutoUVMaxAngle: 89
  m_LightmapParameters: {fileID: 0}
  m_SortingLayerID: 0
  m_SortingLayer: 0
  m_SortingOrder: 0
  m_AdditionalVertexStreams: {fileID: 0}
--- !u!114 &4239719734058362065
MonoBehaviour:
  m_ObjectHideFlags: 0
  m_CorrespondingSourceObject: {fileID: 0}
  m_PrefabInstance: {fileID: 0}
  m_PrefabAsset: {fileID: 0}
  m_GameObject: {fileID: 6310390059895276588}
  m_Enabled: 1
  m_EditorHideFlags: 0
  m_Script: {fileID: 11500000, guid: 04bc1a2ad9de48179fd3be8e6e14cbb4, type: 3}
  m_Name: 
  m_EditorClassIdentifier: 
  IconPrefab: {fileID: 7116271157409321448, guid: e361cd4895f21d74f89eb25061c2a668,
    type: 3}
  PinPoint: {fileID: 0}
  AdditionalRenderers: []
  SortingPriorityInPanel: 0
--- !u!114 &2215802550396283356
MonoBehaviour:
  m_ObjectHideFlags: 0
  m_CorrespondingSourceObject: {fileID: 0}
  m_PrefabInstance: {fileID: 0}
  m_PrefabAsset: {fileID: 0}
  m_GameObject: {fileID: 6310390059895276588}
  m_Enabled: 1
  m_EditorHideFlags: 0
  m_Script: {fileID: 11500000, guid: 94533d393af94a6eb9ecc57d5b1dec63, type: 3}
  m_Name: 
  m_EditorClassIdentifier: 
  UniqueId: 2af0a86a76a15074d9b8dfe0617dd9ef
  UnchangableMaterial: {fileID: 2100000, guid: 51aff31fb08b8394e99d2e6b18202acb, type: 2}
--- !u!114 &3440819128412603605
MonoBehaviour:
  m_ObjectHideFlags: 0
  m_CorrespondingSourceObject: {fileID: 0}
  m_PrefabInstance: {fileID: 0}
  m_PrefabAsset: {fileID: 0}
  m_GameObject: {fileID: 6310390059895276588}
  m_Enabled: 1
  m_EditorHideFlags: 0
  m_Script: {fileID: 11500000, guid: 79b7b8eaca8044b7bc4562668bc8851d, type: 3}
  m_Name: 
  m_EditorClassIdentifier: 
  StackId: 4
--- !u!1 &7240245737012935831
GameObject:
  m_ObjectHideFlags: 0
  m_CorrespondingSourceObject: {fileID: 0}
  m_PrefabInstance: {fileID: 0}
  m_PrefabAsset: {fileID: 0}
  serializedVersion: 6
  m_Component:
  - component: {fileID: 2048542548677895837}
  - component: {fileID: 7410152221392972022}
  - component: {fileID: 4770887664018956852}
  - component: {fileID: 2500079640377706080}
  - component: {fileID: 8658733623972614869}
  - component: {fileID: 6698270932036052512}
  m_Layer: 0
  m_Name: PH3_Ramp_base_1
  m_TagString: Untagged
  m_Icon: {fileID: 0}
  m_NavMeshLayer: 0
  m_StaticEditorFlags: 0
  m_IsActive: 1
--- !u!4 &2048542548677895837
Transform:
  m_ObjectHideFlags: 0
  m_CorrespondingSourceObject: {fileID: 0}
  m_PrefabInstance: {fileID: 0}
  m_PrefabAsset: {fileID: 0}
  m_GameObject: {fileID: 7240245737012935831}
  m_LocalRotation: {x: -0.7071069, y: -0.000000014901161, z: 0.000000007450581, w: 0.70710677}
  m_LocalPosition: {x: 0.019421577, y: 2.8003101, z: 0.49361515}
  m_LocalScale: {x: 100, y: 99.99998, z: 100}
  m_Children: []
  m_Father: {fileID: 1242728984804330378}
  m_RootOrder: 1
  m_LocalEulerAnglesHint: {x: 0, y: 0, z: 0}
--- !u!33 &7410152221392972022
MeshFilter:
  m_ObjectHideFlags: 0
  m_CorrespondingSourceObject: {fileID: 0}
  m_PrefabInstance: {fileID: 0}
  m_PrefabAsset: {fileID: 0}
  m_GameObject: {fileID: 7240245737012935831}
  m_Mesh: {fileID: -2472282941883904816, guid: dde0ad14293c3954a87f3edd7617da69, type: 3}
--- !u!23 &4770887664018956852
MeshRenderer:
  m_ObjectHideFlags: 0
  m_CorrespondingSourceObject: {fileID: 0}
  m_PrefabInstance: {fileID: 0}
  m_PrefabAsset: {fileID: 0}
  m_GameObject: {fileID: 7240245737012935831}
  m_Enabled: 1
  m_CastShadows: 1
  m_ReceiveShadows: 1
  m_DynamicOccludee: 1
  m_MotionVectors: 1
  m_LightProbeUsage: 1
  m_ReflectionProbeUsage: 1
  m_RayTracingMode: 2
  m_RayTraceProcedural: 0
  m_RenderingLayerMask: 1
  m_RendererPriority: 0
  m_Materials:
  - {fileID: 2100000, guid: a049d3e91b4d5614abfc0d54af40c8d7, type: 2}
  m_StaticBatchInfo:
    firstSubMesh: 0
    subMeshCount: 0
  m_StaticBatchRoot: {fileID: 0}
  m_ProbeAnchor: {fileID: 0}
  m_LightProbeVolumeOverride: {fileID: 0}
  m_ScaleInLightmap: 1
  m_ReceiveGI: 1
  m_PreserveUVs: 0
  m_IgnoreNormalsForChartDetection: 0
  m_ImportantGI: 0
  m_StitchLightmapSeams: 1
  m_SelectedEditorRenderState: 3
  m_MinimumChartSize: 4
  m_AutoUVMaxDistance: 0.5
  m_AutoUVMaxAngle: 89
  m_LightmapParameters: {fileID: 0}
  m_SortingLayerID: 0
  m_SortingLayer: 0
  m_SortingOrder: 0
  m_AdditionalVertexStreams: {fileID: 0}
--- !u!114 &2500079640377706080
MonoBehaviour:
  m_ObjectHideFlags: 0
  m_CorrespondingSourceObject: {fileID: 0}
  m_PrefabInstance: {fileID: 0}
  m_PrefabAsset: {fileID: 0}
  m_GameObject: {fileID: 7240245737012935831}
  m_Enabled: 1
  m_EditorHideFlags: 0
  m_Script: {fileID: 11500000, guid: 04bc1a2ad9de48179fd3be8e6e14cbb4, type: 3}
  m_Name: 
  m_EditorClassIdentifier: 
  IconPrefab: {fileID: 5739666569860585873, guid: 2ca9dee1eaedd9f4a8c4f96e6112c4e7,
    type: 3}
  PinPoint: {fileID: 0}
  AdditionalRenderers: []
  SortingPriorityInPanel: 0
--- !u!114 &8658733623972614869
MonoBehaviour:
  m_ObjectHideFlags: 0
  m_CorrespondingSourceObject: {fileID: 0}
  m_PrefabInstance: {fileID: 0}
  m_PrefabAsset: {fileID: 0}
  m_GameObject: {fileID: 7240245737012935831}
  m_Enabled: 1
  m_EditorHideFlags: 0
  m_Script: {fileID: 11500000, guid: 94533d393af94a6eb9ecc57d5b1dec63, type: 3}
  m_Name: 
  m_EditorClassIdentifier: 
  UniqueId: fb513e2d93e49f94d9b00f1a11b3c35c
  UnchangableMaterial: {fileID: 2100000, guid: 51aff31fb08b8394e99d2e6b18202acb, type: 2}
--- !u!114 &6698270932036052512
MonoBehaviour:
  m_ObjectHideFlags: 0
  m_CorrespondingSourceObject: {fileID: 0}
  m_PrefabInstance: {fileID: 0}
  m_PrefabAsset: {fileID: 0}
  m_GameObject: {fileID: 7240245737012935831}
  m_Enabled: 1
  m_EditorHideFlags: 0
  m_Script: {fileID: 11500000, guid: 79b7b8eaca8044b7bc4562668bc8851d, type: 3}
  m_Name: 
  m_EditorClassIdentifier: 
  StackId: 3
--- !u!1 &8146822621771875519
GameObject:
  m_ObjectHideFlags: 0
  m_CorrespondingSourceObject: {fileID: 0}
  m_PrefabInstance: {fileID: 0}
  m_PrefabAsset: {fileID: 0}
  serializedVersion: 6
  m_Component:
  - component: {fileID: 6470961098251102104}
  - component: {fileID: 8114694270974063409}
  - component: {fileID: 2971178681177926412}
  - component: {fileID: 7077466492505887637}
  - component: {fileID: 9084143019295550779}
  - component: {fileID: 2106047684677853843}
  m_Layer: 0
  m_Name: PH3_Ramp_holder_1
  m_TagString: Untagged
  m_Icon: {fileID: 0}
  m_NavMeshLayer: 0
  m_StaticEditorFlags: 0
  m_IsActive: 1
--- !u!4 &6470961098251102104
Transform:
  m_ObjectHideFlags: 0
  m_CorrespondingSourceObject: {fileID: 0}
  m_PrefabInstance: {fileID: 0}
  m_PrefabAsset: {fileID: 0}
  m_GameObject: {fileID: 8146822621771875519}
  m_LocalRotation: {x: -0.7071069, y: -0.000000014901161, z: 0.000000007450581, w: 0.70710677}
  m_LocalPosition: {x: -0.0015354156, y: 3.0126343, z: 0.55730724}
  m_LocalScale: {x: 100, y: 99.99998, z: 100}
  m_Children: []
  m_Father: {fileID: 1242728984804330378}
  m_RootOrder: 5
  m_LocalEulerAnglesHint: {x: 0, y: 0, z: 0}
--- !u!33 &8114694270974063409
MeshFilter:
  m_ObjectHideFlags: 0
  m_CorrespondingSourceObject: {fileID: 0}
  m_PrefabInstance: {fileID: 0}
  m_PrefabAsset: {fileID: 0}
  m_GameObject: {fileID: 8146822621771875519}
  m_Mesh: {fileID: 4432095262785992775, guid: dde0ad14293c3954a87f3edd7617da69, type: 3}
--- !u!23 &2971178681177926412
MeshRenderer:
  m_ObjectHideFlags: 0
  m_CorrespondingSourceObject: {fileID: 0}
  m_PrefabInstance: {fileID: 0}
  m_PrefabAsset: {fileID: 0}
  m_GameObject: {fileID: 8146822621771875519}
  m_Enabled: 1
  m_CastShadows: 1
  m_ReceiveShadows: 1
  m_DynamicOccludee: 1
  m_MotionVectors: 1
  m_LightProbeUsage: 1
  m_ReflectionProbeUsage: 1
  m_RayTracingMode: 2
  m_RayTraceProcedural: 0
  m_RenderingLayerMask: 1
  m_RendererPriority: 0
  m_Materials:
  - {fileID: 2100000, guid: a049d3e91b4d5614abfc0d54af40c8d7, type: 2}
  m_StaticBatchInfo:
    firstSubMesh: 0
    subMeshCount: 0
  m_StaticBatchRoot: {fileID: 0}
  m_ProbeAnchor: {fileID: 0}
  m_LightProbeVolumeOverride: {fileID: 0}
  m_ScaleInLightmap: 1
  m_ReceiveGI: 1
  m_PreserveUVs: 0
  m_IgnoreNormalsForChartDetection: 0
  m_ImportantGI: 0
  m_StitchLightmapSeams: 1
  m_SelectedEditorRenderState: 3
  m_MinimumChartSize: 4
  m_AutoUVMaxDistance: 0.5
  m_AutoUVMaxAngle: 89
  m_LightmapParameters: {fileID: 0}
  m_SortingLayerID: 0
  m_SortingLayer: 0
  m_SortingOrder: 0
  m_AdditionalVertexStreams: {fileID: 0}
--- !u!114 &7077466492505887637
MonoBehaviour:
  m_ObjectHideFlags: 0
  m_CorrespondingSourceObject: {fileID: 0}
  m_PrefabInstance: {fileID: 0}
  m_PrefabAsset: {fileID: 0}
  m_GameObject: {fileID: 8146822621771875519}
  m_Enabled: 1
  m_EditorHideFlags: 0
  m_Script: {fileID: 11500000, guid: 04bc1a2ad9de48179fd3be8e6e14cbb4, type: 3}
  m_Name: 
  m_EditorClassIdentifier: 
  IconPrefab: {fileID: 2393456546720004331, guid: 58be41bb31e962646aa5a489b5672323,
    type: 3}
  PinPoint: {fileID: 0}
  AdditionalRenderers: []
  SortingPriorityInPanel: 0
--- !u!114 &9084143019295550779
MonoBehaviour:
  m_ObjectHideFlags: 0
  m_CorrespondingSourceObject: {fileID: 0}
  m_PrefabInstance: {fileID: 0}
  m_PrefabAsset: {fileID: 0}
  m_GameObject: {fileID: 8146822621771875519}
  m_Enabled: 1
  m_EditorHideFlags: 0
  m_Script: {fileID: 11500000, guid: 94533d393af94a6eb9ecc57d5b1dec63, type: 3}
  m_Name: 
  m_EditorClassIdentifier: 
  UniqueId: 31ed16c997a75724885afe3ba926745e
  UnchangableMaterial: {fileID: 2100000, guid: 51aff31fb08b8394e99d2e6b18202acb, type: 2}
--- !u!114 &2106047684677853843
MonoBehaviour:
  m_ObjectHideFlags: 0
  m_CorrespondingSourceObject: {fileID: 0}
  m_PrefabInstance: {fileID: 0}
  m_PrefabAsset: {fileID: 0}
  m_GameObject: {fileID: 8146822621771875519}
  m_Enabled: 1
  m_EditorHideFlags: 0
  m_Script: {fileID: 11500000, guid: 79b7b8eaca8044b7bc4562668bc8851d, type: 3}
  m_Name: 
  m_EditorClassIdentifier: 
  StackId: 4
--- !u!1 &8202454922022986533
GameObject:
  m_ObjectHideFlags: 0
  m_CorrespondingSourceObject: {fileID: 0}
  m_PrefabInstance: {fileID: 0}
  m_PrefabAsset: {fileID: 0}
  serializedVersion: 6
  m_Component:
  - component: {fileID: 6654533552841373586}
  - component: {fileID: 4606529408291934583}
  - component: {fileID: 8346172540364789607}
  - component: {fileID: 3985552695465594854}
  - component: {fileID: 483181853320054014}
  - component: {fileID: 3013709012742451476}
  m_Layer: 0
  m_Name: PH3_Ramp_4
  m_TagString: Untagged
  m_Icon: {fileID: 0}
  m_NavMeshLayer: 0
  m_StaticEditorFlags: 0
  m_IsActive: 1
--- !u!4 &6654533552841373586
Transform:
  m_ObjectHideFlags: 0
  m_CorrespondingSourceObject: {fileID: 0}
  m_PrefabInstance: {fileID: 0}
  m_PrefabAsset: {fileID: 0}
  m_GameObject: {fileID: 8202454922022986533}
  m_LocalRotation: {x: -0.7071069, y: -0.000000014901161, z: 0.000000007450581, w: 0.70710677}
  m_LocalPosition: {x: -1.0887699, y: 3.7434359, z: 0.003230095}
  m_LocalScale: {x: 100, y: 99.99998, z: 99.99999}
  m_Children: []
  m_Father: {fileID: 1242728984804330378}
  m_RootOrder: 12
  m_LocalEulerAnglesHint: {x: 0, y: 0, z: 0}
--- !u!33 &4606529408291934583
MeshFilter:
  m_ObjectHideFlags: 0
  m_CorrespondingSourceObject: {fileID: 0}
  m_PrefabInstance: {fileID: 0}
  m_PrefabAsset: {fileID: 0}
  m_GameObject: {fileID: 8202454922022986533}
  m_Mesh: {fileID: -8083444355403746386, guid: dde0ad14293c3954a87f3edd7617da69, type: 3}
--- !u!23 &8346172540364789607
MeshRenderer:
  m_ObjectHideFlags: 0
  m_CorrespondingSourceObject: {fileID: 0}
  m_PrefabInstance: {fileID: 0}
  m_PrefabAsset: {fileID: 0}
  m_GameObject: {fileID: 8202454922022986533}
  m_Enabled: 1
  m_CastShadows: 1
  m_ReceiveShadows: 1
  m_DynamicOccludee: 1
  m_MotionVectors: 1
  m_LightProbeUsage: 1
  m_ReflectionProbeUsage: 1
  m_RayTracingMode: 2
  m_RayTraceProcedural: 0
  m_RenderingLayerMask: 1
  m_RendererPriority: 0
  m_Materials:
  - {fileID: 2100000, guid: a049d3e91b4d5614abfc0d54af40c8d7, type: 2}
  m_StaticBatchInfo:
    firstSubMesh: 0
    subMeshCount: 0
  m_StaticBatchRoot: {fileID: 0}
  m_ProbeAnchor: {fileID: 0}
  m_LightProbeVolumeOverride: {fileID: 0}
  m_ScaleInLightmap: 1
  m_ReceiveGI: 1
  m_PreserveUVs: 0
  m_IgnoreNormalsForChartDetection: 0
  m_ImportantGI: 0
  m_StitchLightmapSeams: 1
  m_SelectedEditorRenderState: 3
  m_MinimumChartSize: 4
  m_AutoUVMaxDistance: 0.5
  m_AutoUVMaxAngle: 89
  m_LightmapParameters: {fileID: 0}
  m_SortingLayerID: 0
  m_SortingLayer: 0
  m_SortingOrder: 0
  m_AdditionalVertexStreams: {fileID: 0}
--- !u!114 &3985552695465594854
MonoBehaviour:
  m_ObjectHideFlags: 0
  m_CorrespondingSourceObject: {fileID: 0}
  m_PrefabInstance: {fileID: 0}
  m_PrefabAsset: {fileID: 0}
  m_GameObject: {fileID: 8202454922022986533}
  m_Enabled: 1
  m_EditorHideFlags: 0
  m_Script: {fileID: 11500000, guid: 04bc1a2ad9de48179fd3be8e6e14cbb4, type: 3}
  m_Name: 
  m_EditorClassIdentifier: 
  IconPrefab: {fileID: 5445810834601344412, guid: 88b207f1a8e677b4e9eb90dc51662c52,
    type: 3}
  PinPoint: {fileID: 0}
  AdditionalRenderers: []
  SortingPriorityInPanel: 0
--- !u!114 &483181853320054014
MonoBehaviour:
  m_ObjectHideFlags: 0
  m_CorrespondingSourceObject: {fileID: 0}
  m_PrefabInstance: {fileID: 0}
  m_PrefabAsset: {fileID: 0}
  m_GameObject: {fileID: 8202454922022986533}
  m_Enabled: 1
  m_EditorHideFlags: 0
  m_Script: {fileID: 11500000, guid: 94533d393af94a6eb9ecc57d5b1dec63, type: 3}
  m_Name: 
  m_EditorClassIdentifier: 
  UniqueId: 3bd8b1390a1a63b48808d790bbe99a10
  UnchangableMaterial: {fileID: 2100000, guid: 51aff31fb08b8394e99d2e6b18202acb, type: 2}
--- !u!114 &3013709012742451476
MonoBehaviour:
  m_ObjectHideFlags: 0
  m_CorrespondingSourceObject: {fileID: 0}
  m_PrefabInstance: {fileID: 0}
  m_PrefabAsset: {fileID: 0}
  m_GameObject: {fileID: 8202454922022986533}
  m_Enabled: 1
  m_EditorHideFlags: 0
  m_Script: {fileID: 11500000, guid: 79b7b8eaca8044b7bc4562668bc8851d, type: 3}
  m_Name: 
  m_EditorClassIdentifier: 
  StackId: 2
--- !u!1 &8984750705333768131
GameObject:
  m_ObjectHideFlags: 0
  m_CorrespondingSourceObject: {fileID: 0}
  m_PrefabInstance: {fileID: 0}
  m_PrefabAsset: {fileID: 0}
  serializedVersion: 6
  m_Component:
  - component: {fileID: 8018387530428116855}
  - component: {fileID: 7113751931572869566}
  - component: {fileID: 8943416215934714805}
  - component: {fileID: 5003149267916545799}
  - component: {fileID: 7340959836846814370}
  m_Layer: 0
  m_Name: PH3_Base_disc
  m_TagString: Untagged
  m_Icon: {fileID: 0}
  m_NavMeshLayer: 0
  m_StaticEditorFlags: 0
  m_IsActive: 1
--- !u!4 &8018387530428116855
Transform:
  m_ObjectHideFlags: 0
  m_CorrespondingSourceObject: {fileID: 0}
  m_PrefabInstance: {fileID: 0}
  m_PrefabAsset: {fileID: 0}
  m_GameObject: {fileID: 8984750705333768131}
  m_LocalRotation: {x: -0.7071069, y: -0.000000014901161, z: 0.000000007450581, w: 0.70710677}
  m_LocalPosition: {x: -0, y: 2.6279593, z: 0.00041294098}
  m_LocalScale: {x: 100, y: 99.99998, z: 100}
  m_Children: []
  m_Father: {fileID: 1242728984804330378}
  m_RootOrder: 0
  m_LocalEulerAnglesHint: {x: 0, y: 0, z: 0}
--- !u!33 &7113751931572869566
MeshFilter:
  m_ObjectHideFlags: 0
  m_CorrespondingSourceObject: {fileID: 0}
  m_PrefabInstance: {fileID: 0}
  m_PrefabAsset: {fileID: 0}
  m_GameObject: {fileID: 8984750705333768131}
  m_Mesh: {fileID: 3999293285813341117, guid: dde0ad14293c3954a87f3edd7617da69, type: 3}
--- !u!23 &8943416215934714805
MeshRenderer:
  m_ObjectHideFlags: 0
  m_CorrespondingSourceObject: {fileID: 0}
  m_PrefabInstance: {fileID: 0}
  m_PrefabAsset: {fileID: 0}
  m_GameObject: {fileID: 8984750705333768131}
  m_Enabled: 1
  m_CastShadows: 1
  m_ReceiveShadows: 1
  m_DynamicOccludee: 1
  m_MotionVectors: 1
  m_LightProbeUsage: 1
  m_ReflectionProbeUsage: 1
  m_RayTracingMode: 2
  m_RayTraceProcedural: 0
  m_RenderingLayerMask: 1
  m_RendererPriority: 0
  m_Materials:
  - {fileID: 2100000, guid: a049d3e91b4d5614abfc0d54af40c8d7, type: 2}
  m_StaticBatchInfo:
    firstSubMesh: 0
    subMeshCount: 0
  m_StaticBatchRoot: {fileID: 0}
  m_ProbeAnchor: {fileID: 0}
  m_LightProbeVolumeOverride: {fileID: 0}
  m_ScaleInLightmap: 1
  m_ReceiveGI: 1
  m_PreserveUVs: 0
  m_IgnoreNormalsForChartDetection: 0
  m_ImportantGI: 0
  m_StitchLightmapSeams: 1
  m_SelectedEditorRenderState: 3
  m_MinimumChartSize: 4
  m_AutoUVMaxDistance: 0.5
  m_AutoUVMaxAngle: 89
  m_LightmapParameters: {fileID: 0}
  m_SortingLayerID: 0
  m_SortingLayer: 0
  m_SortingOrder: 0
  m_AdditionalVertexStreams: {fileID: 0}
--- !u!114 &5003149267916545799
MonoBehaviour:
  m_ObjectHideFlags: 0
  m_CorrespondingSourceObject: {fileID: 0}
  m_PrefabInstance: {fileID: 0}
  m_PrefabAsset: {fileID: 0}
  m_GameObject: {fileID: 8984750705333768131}
  m_Enabled: 1
  m_EditorHideFlags: 0
  m_Script: {fileID: 11500000, guid: 04bc1a2ad9de48179fd3be8e6e14cbb4, type: 3}
  m_Name: 
  m_EditorClassIdentifier: 
  IconPrefab: {fileID: 2148214615823668556, guid: b789f6aa1a11278488ec7bab187eaf2b,
    type: 3}
  PinPoint: {fileID: 0}
  AdditionalRenderers: []
  SortingPriorityInPanel: 0
--- !u!114 &7340959836846814370
MonoBehaviour:
  m_ObjectHideFlags: 0
  m_CorrespondingSourceObject: {fileID: 0}
  m_PrefabInstance: {fileID: 0}
  m_PrefabAsset: {fileID: 0}
  m_GameObject: {fileID: 8984750705333768131}
  m_Enabled: 1
  m_EditorHideFlags: 0
  m_Script: {fileID: 11500000, guid: 94533d393af94a6eb9ecc57d5b1dec63, type: 3}
  m_Name: 
  m_EditorClassIdentifier: 
  UniqueId: 3afae2aa99c6ca347aeab4ad4d3dbbac
  UnchangableMaterial: {fileID: 2100000, guid: 51aff31fb08b8394e99d2e6b18202acb, type: 2}
