%YAML 1.1
%TAG !u! tag:unity3d.com,2011:
--- !u!1 &155890237524131077
GameObject:
  m_ObjectHideFlags: 0
  m_CorrespondingSourceObject: {fileID: 0}
  m_PrefabInstance: {fileID: 0}
  m_PrefabAsset: {fileID: 0}
  serializedVersion: 6
  m_Component:
  - component: {fileID: 8743014716495104054}
  - component: {fileID: 7948498278929714483}
  - component: {fileID: 1637618906331422680}
  - component: {fileID: 465928344535174407}
  - component: {fileID: 2164753232168222968}
  - component: {fileID: 5266028856447275169}
  m_Layer: 0
  m_Name: P5_Pendulum_2
  m_TagString: Untagged
  m_Icon: {fileID: 0}
  m_NavMeshLayer: 0
  m_StaticEditorFlags: 0
  m_IsActive: 1
--- !u!4 &8743014716495104054
Transform:
  m_ObjectHideFlags: 0
  m_CorrespondingSourceObject: {fileID: 0}
  m_PrefabInstance: {fileID: 0}
  m_PrefabAsset: {fileID: 0}
  m_GameObject: {fileID: 155890237524131077}
  m_LocalRotation: {x: -0.47143167, y: -0.47143131, z: -0.5270224, w: 0.5270218}
  m_LocalPosition: {x: -0.0000009536743, y: 3.962844, z: 0.095929146}
  m_LocalScale: {x: 99.999985, y: 100.000015, z: 99.99999}
  m_Children: []
  m_Father: {fileID: 7846016429607716849}
  m_RootOrder: 10
  m_LocalEulerAnglesHint: {x: 0, y: 0, z: 0}
--- !u!33 &7948498278929714483
MeshFilter:
  m_ObjectHideFlags: 0
  m_CorrespondingSourceObject: {fileID: 0}
  m_PrefabInstance: {fileID: 0}
  m_PrefabAsset: {fileID: 0}
  m_GameObject: {fileID: 155890237524131077}
  m_Mesh: {fileID: 6921506457853292246, guid: b9b80cfce78aea94893968b093374daa, type: 3}
--- !u!23 &1637618906331422680
MeshRenderer:
  m_ObjectHideFlags: 0
  m_CorrespondingSourceObject: {fileID: 0}
  m_PrefabInstance: {fileID: 0}
  m_PrefabAsset: {fileID: 0}
  m_GameObject: {fileID: 155890237524131077}
  m_Enabled: 1
  m_CastShadows: 1
  m_ReceiveShadows: 1
  m_DynamicOccludee: 1
  m_MotionVectors: 1
  m_LightProbeUsage: 1
  m_ReflectionProbeUsage: 1
  m_RayTracingMode: 2
  m_RayTraceProcedural: 0
  m_RenderingLayerMask: 1
  m_RendererPriority: 0
  m_Materials:
  - {fileID: 2100000, guid: a958f4b869ddd7b42949e2f59caa6a59, type: 2}
  m_StaticBatchInfo:
    firstSubMesh: 0
    subMeshCount: 0
  m_StaticBatchRoot: {fileID: 0}
  m_ProbeAnchor: {fileID: 0}
  m_LightProbeVolumeOverride: {fileID: 0}
  m_ScaleInLightmap: 1
  m_ReceiveGI: 1
  m_PreserveUVs: 0
  m_IgnoreNormalsForChartDetection: 0
  m_ImportantGI: 0
  m_StitchLightmapSeams: 1
  m_SelectedEditorRenderState: 3
  m_MinimumChartSize: 4
  m_AutoUVMaxDistance: 0.5
  m_AutoUVMaxAngle: 89
  m_LightmapParameters: {fileID: 0}
  m_SortingLayerID: 0
  m_SortingLayer: 0
  m_SortingOrder: 0
  m_AdditionalVertexStreams: {fileID: 0}
--- !u!114 &465928344535174407
MonoBehaviour:
  m_ObjectHideFlags: 0
  m_CorrespondingSourceObject: {fileID: 0}
  m_PrefabInstance: {fileID: 0}
  m_PrefabAsset: {fileID: 0}
  m_GameObject: {fileID: 155890237524131077}
  m_Enabled: 1
  m_EditorHideFlags: 0
  m_Script: {fileID: 11500000, guid: 04bc1a2ad9de48179fd3be8e6e14cbb4, type: 3}
  m_Name: 
  m_EditorClassIdentifier: 
  IconPrefab: {fileID: 4880792374592875849, guid: 06f21b36e332f174385369e7fa3fbf5c,
    type: 3}
  PinPoint: {fileID: 0}
  AdditionalRenderers: []
  SortingPriorityInPanel: 0
--- !u!114 &2164753232168222968
MonoBehaviour:
  m_ObjectHideFlags: 0
  m_CorrespondingSourceObject: {fileID: 0}
  m_PrefabInstance: {fileID: 0}
  m_PrefabAsset: {fileID: 0}
  m_GameObject: {fileID: 155890237524131077}
  m_Enabled: 1
  m_EditorHideFlags: 0
  m_Script: {fileID: 11500000, guid: 94533d393af94a6eb9ecc57d5b1dec63, type: 3}
  m_Name: 
  m_EditorClassIdentifier: 
  UniqueId: 0b5fb700d4731824fb6c644e54c15ff1
  UnchangableMaterial: {fileID: 0}
--- !u!114 &5266028856447275169
MonoBehaviour:
  m_ObjectHideFlags: 0
  m_CorrespondingSourceObject: {fileID: 0}
  m_PrefabInstance: {fileID: 0}
  m_PrefabAsset: {fileID: 0}
  m_GameObject: {fileID: 155890237524131077}
  m_Enabled: 1
  m_EditorHideFlags: 0
  m_Script: {fileID: 11500000, guid: 79b7b8eaca8044b7bc4562668bc8851d, type: 3}
  m_Name: 
  m_EditorClassIdentifier: 
  StackId: 2
--- !u!1 &686711344788869778
GameObject:
  m_ObjectHideFlags: 0
  m_CorrespondingSourceObject: {fileID: 0}
  m_PrefabInstance: {fileID: 0}
  m_PrefabAsset: {fileID: 0}
  serializedVersion: 6
  m_Component:
  - component: {fileID: 3132929914563831475}
  - component: {fileID: 3989228188855333297}
  - component: {fileID: 6032497889230670823}
  - component: {fileID: 663731439191203693}
  - component: {fileID: 3319255434540531683}
  - component: {fileID: 7268826405191796290}
  m_Layer: 0
  m_Name: P5_Slide_1
  m_TagString: Untagged
  m_Icon: {fileID: 0}
  m_NavMeshLayer: 0
  m_StaticEditorFlags: 0
  m_IsActive: 1
--- !u!4 &3132929914563831475
Transform:
  m_ObjectHideFlags: 0
  m_CorrespondingSourceObject: {fileID: 0}
  m_PrefabInstance: {fileID: 0}
  m_PrefabAsset: {fileID: 0}
  m_GameObject: {fileID: 686711344788869778}
  m_LocalRotation: {x: -0.6532817, y: 0.27059773, z: 0.27059773, w: 0.6532816}
  m_LocalPosition: {x: 0.5658493, y: 2.7878933, z: 0.56585026}
  m_LocalScale: {x: 100, y: 100, z: 99.999985}
  m_Children: []
  m_Father: {fileID: 7846016429607716849}
  m_RootOrder: 3
  m_LocalEulerAnglesHint: {x: 0, y: 0, z: 0}
--- !u!33 &3989228188855333297
MeshFilter:
  m_ObjectHideFlags: 0
  m_CorrespondingSourceObject: {fileID: 0}
  m_PrefabInstance: {fileID: 0}
  m_PrefabAsset: {fileID: 0}
  m_GameObject: {fileID: 686711344788869778}
  m_Mesh: {fileID: -2436282967323290709, guid: b9b80cfce78aea94893968b093374daa, type: 3}
--- !u!23 &6032497889230670823
MeshRenderer:
  m_ObjectHideFlags: 0
  m_CorrespondingSourceObject: {fileID: 0}
  m_PrefabInstance: {fileID: 0}
  m_PrefabAsset: {fileID: 0}
  m_GameObject: {fileID: 686711344788869778}
  m_Enabled: 1
  m_CastShadows: 1
  m_ReceiveShadows: 1
  m_DynamicOccludee: 1
  m_MotionVectors: 1
  m_LightProbeUsage: 1
  m_ReflectionProbeUsage: 1
  m_RayTracingMode: 2
  m_RayTraceProcedural: 0
  m_RenderingLayerMask: 1
  m_RendererPriority: 0
  m_Materials:
  - {fileID: 2100000, guid: a958f4b869ddd7b42949e2f59caa6a59, type: 2}
  m_StaticBatchInfo:
    firstSubMesh: 0
    subMeshCount: 0
  m_StaticBatchRoot: {fileID: 0}
  m_ProbeAnchor: {fileID: 0}
  m_LightProbeVolumeOverride: {fileID: 0}
  m_ScaleInLightmap: 1
  m_ReceiveGI: 1
  m_PreserveUVs: 0
  m_IgnoreNormalsForChartDetection: 0
  m_ImportantGI: 0
  m_StitchLightmapSeams: 1
  m_SelectedEditorRenderState: 3
  m_MinimumChartSize: 4
  m_AutoUVMaxDistance: 0.5
  m_AutoUVMaxAngle: 89
  m_LightmapParameters: {fileID: 0}
  m_SortingLayerID: 0
  m_SortingLayer: 0
  m_SortingOrder: 0
  m_AdditionalVertexStreams: {fileID: 0}
--- !u!114 &663731439191203693
MonoBehaviour:
  m_ObjectHideFlags: 0
  m_CorrespondingSourceObject: {fileID: 0}
  m_PrefabInstance: {fileID: 0}
  m_PrefabAsset: {fileID: 0}
  m_GameObject: {fileID: 686711344788869778}
  m_Enabled: 1
  m_EditorHideFlags: 0
  m_Script: {fileID: 11500000, guid: 04bc1a2ad9de48179fd3be8e6e14cbb4, type: 3}
  m_Name: 
  m_EditorClassIdentifier: 
  IconPrefab: {fileID: 675428295912469098, guid: 1d935878eee7c054a9326e16c53d3205,
    type: 3}
  PinPoint: {fileID: 0}
  AdditionalRenderers: []
  SortingPriorityInPanel: 0
--- !u!114 &3319255434540531683
MonoBehaviour:
  m_ObjectHideFlags: 0
  m_CorrespondingSourceObject: {fileID: 0}
  m_PrefabInstance: {fileID: 0}
  m_PrefabAsset: {fileID: 0}
  m_GameObject: {fileID: 686711344788869778}
  m_Enabled: 1
  m_EditorHideFlags: 0
  m_Script: {fileID: 11500000, guid: 94533d393af94a6eb9ecc57d5b1dec63, type: 3}
  m_Name: 
  m_EditorClassIdentifier: 
  UniqueId: 5a20123fe3a622f4db8a3e9ed41618aa
  UnchangableMaterial: {fileID: 0}
--- !u!114 &7268826405191796290
MonoBehaviour:
  m_ObjectHideFlags: 0
  m_CorrespondingSourceObject: {fileID: 0}
  m_PrefabInstance: {fileID: 0}
  m_PrefabAsset: {fileID: 0}
  m_GameObject: {fileID: 686711344788869778}
  m_Enabled: 1
  m_EditorHideFlags: 0
  m_Script: {fileID: 11500000, guid: 79b7b8eaca8044b7bc4562668bc8851d, type: 3}
  m_Name: 
  m_EditorClassIdentifier: 
  StackId: 1
--- !u!1 &1838093224938742998
GameObject:
  m_ObjectHideFlags: 0
  m_CorrespondingSourceObject: {fileID: 0}
  m_PrefabInstance: {fileID: 0}
  m_PrefabAsset: {fileID: 0}
  serializedVersion: 6
  m_Component:
  - component: {fileID: 4706695217806997934}
  - component: {fileID: 996748786256884494}
  - component: {fileID: 8066167935007938156}
  - component: {fileID: 6934401489328154530}
  - component: {fileID: 4219804679950322088}
  - component: {fileID: 2225404565799583556}
  m_Layer: 0
  m_Name: P5_Pendulum_1
  m_TagString: Untagged
  m_Icon: {fileID: 0}
  m_NavMeshLayer: 0
  m_StaticEditorFlags: 0
  m_IsActive: 1
--- !u!4 &4706695217806997934
Transform:
  m_ObjectHideFlags: 0
  m_CorrespondingSourceObject: {fileID: 0}
  m_PrefabInstance: {fileID: 0}
  m_PrefabAsset: {fileID: 0}
  m_GameObject: {fileID: 1838093224938742998}
  m_LocalRotation: {x: -0.5, y: 0.5000001, z: -0.5, w: 0.49999994}
  m_LocalPosition: {x: 0.863863, y: 3.1044245, z: -0.000002861023}
  m_LocalScale: {x: 100.00002, y: 100.00003, z: 100.000015}
  m_Children: []
  m_Father: {fileID: 7846016429607716849}
  m_RootOrder: 9
  m_LocalEulerAnglesHint: {x: 0, y: 0, z: 0}
--- !u!33 &996748786256884494
MeshFilter:
  m_ObjectHideFlags: 0
  m_CorrespondingSourceObject: {fileID: 0}
  m_PrefabInstance: {fileID: 0}
  m_PrefabAsset: {fileID: 0}
  m_GameObject: {fileID: 1838093224938742998}
  m_Mesh: {fileID: 1437219680867027130, guid: b9b80cfce78aea94893968b093374daa, type: 3}
--- !u!23 &8066167935007938156
MeshRenderer:
  m_ObjectHideFlags: 0
  m_CorrespondingSourceObject: {fileID: 0}
  m_PrefabInstance: {fileID: 0}
  m_PrefabAsset: {fileID: 0}
  m_GameObject: {fileID: 1838093224938742998}
  m_Enabled: 1
  m_CastShadows: 1
  m_ReceiveShadows: 1
  m_DynamicOccludee: 1
  m_MotionVectors: 1
  m_LightProbeUsage: 1
  m_ReflectionProbeUsage: 1
  m_RayTracingMode: 2
  m_RayTraceProcedural: 0
  m_RenderingLayerMask: 1
  m_RendererPriority: 0
  m_Materials:
  - {fileID: 2100000, guid: a958f4b869ddd7b42949e2f59caa6a59, type: 2}
  m_StaticBatchInfo:
    firstSubMesh: 0
    subMeshCount: 0
  m_StaticBatchRoot: {fileID: 0}
  m_ProbeAnchor: {fileID: 0}
  m_LightProbeVolumeOverride: {fileID: 0}
  m_ScaleInLightmap: 1
  m_ReceiveGI: 1
  m_PreserveUVs: 0
  m_IgnoreNormalsForChartDetection: 0
  m_ImportantGI: 0
  m_StitchLightmapSeams: 1
  m_SelectedEditorRenderState: 3
  m_MinimumChartSize: 4
  m_AutoUVMaxDistance: 0.5
  m_AutoUVMaxAngle: 89
  m_LightmapParameters: {fileID: 0}
  m_SortingLayerID: 0
  m_SortingLayer: 0
  m_SortingOrder: 0
  m_AdditionalVertexStreams: {fileID: 0}
--- !u!114 &6934401489328154530
MonoBehaviour:
  m_ObjectHideFlags: 0
  m_CorrespondingSourceObject: {fileID: 0}
  m_PrefabInstance: {fileID: 0}
  m_PrefabAsset: {fileID: 0}
  m_GameObject: {fileID: 1838093224938742998}
  m_Enabled: 1
  m_EditorHideFlags: 0
  m_Script: {fileID: 11500000, guid: 04bc1a2ad9de48179fd3be8e6e14cbb4, type: 3}
  m_Name: 
  m_EditorClassIdentifier: 
  IconPrefab: {fileID: 9106914461762665707, guid: c81ad0a2e0c22d54c927004f2eb21d93,
    type: 3}
  PinPoint: {fileID: 0}
  AdditionalRenderers: []
  SortingPriorityInPanel: 0
--- !u!114 &4219804679950322088
MonoBehaviour:
  m_ObjectHideFlags: 0
  m_CorrespondingSourceObject: {fileID: 0}
  m_PrefabInstance: {fileID: 0}
  m_PrefabAsset: {fileID: 0}
  m_GameObject: {fileID: 1838093224938742998}
  m_Enabled: 1
  m_EditorHideFlags: 0
  m_Script: {fileID: 11500000, guid: 94533d393af94a6eb9ecc57d5b1dec63, type: 3}
  m_Name: 
  m_EditorClassIdentifier: 
  UniqueId: 52253d07692464940b4cb29c6c65e5bb
  UnchangableMaterial: {fileID: 0}
--- !u!114 &2225404565799583556
MonoBehaviour:
  m_ObjectHideFlags: 0
  m_CorrespondingSourceObject: {fileID: 0}
  m_PrefabInstance: {fileID: 0}
  m_PrefabAsset: {fileID: 0}
  m_GameObject: {fileID: 1838093224938742998}
  m_Enabled: 1
  m_EditorHideFlags: 0
  m_Script: {fileID: 11500000, guid: 79b7b8eaca8044b7bc4562668bc8851d, type: 3}
  m_Name: 
  m_EditorClassIdentifier: 
  StackId: 2
--- !u!1 &2160472263593229518
GameObject:
  m_ObjectHideFlags: 0
  m_CorrespondingSourceObject: {fileID: 0}
  m_PrefabInstance: {fileID: 0}
  m_PrefabAsset: {fileID: 0}
  serializedVersion: 6
  m_Component:
  - component: {fileID: 9068915287807555229}
  - component: {fileID: 5458516685886904213}
  - component: {fileID: 5252603713355354576}
  - component: {fileID: 4432812213973329911}
  - component: {fileID: 4191047302065526072}
  m_Layer: 0
  m_Name: P5_Base_2
  m_TagString: Untagged
  m_Icon: {fileID: 0}
  m_NavMeshLayer: 0
  m_StaticEditorFlags: 0
  m_IsActive: 1
--- !u!4 &9068915287807555229
Transform:
  m_ObjectHideFlags: 0
  m_CorrespondingSourceObject: {fileID: 0}
  m_PrefabInstance: {fileID: 0}
  m_PrefabAsset: {fileID: 0}
  m_GameObject: {fileID: 2160472263593229518}
  m_LocalRotation: {x: -0.7071069, y: -0.000000014901161, z: 0.000000007450581, w: 0.70710677}
  m_LocalPosition: {x: -0.0000019073486, y: 2.5528526, z: -0.0000009536743}
  m_LocalScale: {x: 100, y: 99.99998, z: 99.99999}
  m_Children: []
  m_Father: {fileID: 7846016429607716849}
  m_RootOrder: 1
  m_LocalEulerAnglesHint: {x: 0, y: 0, z: 0}
--- !u!33 &5458516685886904213
MeshFilter:
  m_ObjectHideFlags: 0
  m_CorrespondingSourceObject: {fileID: 0}
  m_PrefabInstance: {fileID: 0}
  m_PrefabAsset: {fileID: 0}
  m_GameObject: {fileID: 2160472263593229518}
  m_Mesh: {fileID: 5400429102824557936, guid: b9b80cfce78aea94893968b093374daa, type: 3}
--- !u!23 &5252603713355354576
MeshRenderer:
  m_ObjectHideFlags: 0
  m_CorrespondingSourceObject: {fileID: 0}
  m_PrefabInstance: {fileID: 0}
  m_PrefabAsset: {fileID: 0}
  m_GameObject: {fileID: 2160472263593229518}
  m_Enabled: 1
  m_CastShadows: 1
  m_ReceiveShadows: 1
  m_DynamicOccludee: 1
  m_MotionVectors: 1
  m_LightProbeUsage: 1
  m_ReflectionProbeUsage: 1
  m_RayTracingMode: 2
  m_RayTraceProcedural: 0
  m_RenderingLayerMask: 1
  m_RendererPriority: 0
  m_Materials:
  - {fileID: 2100000, guid: a958f4b869ddd7b42949e2f59caa6a59, type: 2}
  m_StaticBatchInfo:
    firstSubMesh: 0
    subMeshCount: 0
  m_StaticBatchRoot: {fileID: 0}
  m_ProbeAnchor: {fileID: 0}
  m_LightProbeVolumeOverride: {fileID: 0}
  m_ScaleInLightmap: 1
  m_ReceiveGI: 1
  m_PreserveUVs: 0
  m_IgnoreNormalsForChartDetection: 0
  m_ImportantGI: 0
  m_StitchLightmapSeams: 1
  m_SelectedEditorRenderState: 3
  m_MinimumChartSize: 4
  m_AutoUVMaxDistance: 0.5
  m_AutoUVMaxAngle: 89
  m_LightmapParameters: {fileID: 0}
  m_SortingLayerID: 0
  m_SortingLayer: 0
  m_SortingOrder: 0
  m_AdditionalVertexStreams: {fileID: 0}
--- !u!114 &4432812213973329911
MonoBehaviour:
  m_ObjectHideFlags: 0
  m_CorrespondingSourceObject: {fileID: 0}
  m_PrefabInstance: {fileID: 0}
  m_PrefabAsset: {fileID: 0}
  m_GameObject: {fileID: 2160472263593229518}
  m_Enabled: 1
  m_EditorHideFlags: 0
  m_Script: {fileID: 11500000, guid: 04bc1a2ad9de48179fd3be8e6e14cbb4, type: 3}
  m_Name: 
  m_EditorClassIdentifier: 
  IconPrefab: {fileID: 33526353843565909, guid: 5e24f6ad2f6b0e24cad81314d4756472,
    type: 3}
  PinPoint: {fileID: 0}
  AdditionalRenderers: []
  SortingPriorityInPanel: 0
--- !u!114 &4191047302065526072
MonoBehaviour:
  m_ObjectHideFlags: 0
  m_CorrespondingSourceObject: {fileID: 0}
  m_PrefabInstance: {fileID: 0}
  m_PrefabAsset: {fileID: 0}
  m_GameObject: {fileID: 2160472263593229518}
  m_Enabled: 1
  m_EditorHideFlags: 0
  m_Script: {fileID: 11500000, guid: 94533d393af94a6eb9ecc57d5b1dec63, type: 3}
  m_Name: 
  m_EditorClassIdentifier: 
  UniqueId: 2571510507d4aba4286b94671d64c331
  UnchangableMaterial: {fileID: 0}
--- !u!1 &2221133683253607085
GameObject:
  m_ObjectHideFlags: 0
  m_CorrespondingSourceObject: {fileID: 0}
  m_PrefabInstance: {fileID: 0}
  m_PrefabAsset: {fileID: 0}
  serializedVersion: 6
  m_Component:
  - component: {fileID: 8144200667642532478}
  - component: {fileID: 1921249001586927803}
  - component: {fileID: 6871583799654684424}
  - component: {fileID: 57244622895772485}
  m_Layer: 0
  m_Name: P5_Stand
  m_TagString: Untagged
  m_Icon: {fileID: 0}
  m_NavMeshLayer: 0
  m_StaticEditorFlags: 0
  m_IsActive: 1
--- !u!4 &8144200667642532478
Transform:
  m_ObjectHideFlags: 0
  m_CorrespondingSourceObject: {fileID: 0}
  m_PrefabInstance: {fileID: 0}
  m_PrefabAsset: {fileID: 0}
  m_GameObject: {fileID: 2221133683253607085}
  m_LocalRotation: {x: -0.7071066, y: 0.000617067, z: 0.00061706704, w: 0.70710653}
  m_LocalPosition: {x: -0.00000004333995, y: 1.7359205, z: -0.000000040121552}
  m_LocalScale: {x: 100, y: 100, z: 100}
  m_Children: []
  m_Father: {fileID: 7846016429607716849}
  m_RootOrder: 12
  m_LocalEulerAnglesHint: {x: 0, y: 0, z: 0}
--- !u!33 &1921249001586927803
MeshFilter:
  m_ObjectHideFlags: 0
  m_CorrespondingSourceObject: {fileID: 0}
  m_PrefabInstance: {fileID: 0}
  m_PrefabAsset: {fileID: 0}
  m_GameObject: {fileID: 2221133683253607085}
  m_Mesh: {fileID: 9115997136829504390, guid: b9b80cfce78aea94893968b093374daa, type: 3}
--- !u!23 &6871583799654684424
MeshRenderer:
  m_ObjectHideFlags: 0
  m_CorrespondingSourceObject: {fileID: 0}
  m_PrefabInstance: {fileID: 0}
  m_PrefabAsset: {fileID: 0}
  m_GameObject: {fileID: 2221133683253607085}
  m_Enabled: 1
  m_CastShadows: 1
  m_ReceiveShadows: 1
  m_DynamicOccludee: 1
  m_MotionVectors: 1
  m_LightProbeUsage: 1
  m_ReflectionProbeUsage: 1
  m_RayTracingMode: 2
  m_RayTraceProcedural: 0
  m_RenderingLayerMask: 1
  m_RendererPriority: 0
  m_Materials:
  - {fileID: 2100000, guid: af750fbd6cfa15c44a2a7f695fde85d5, type: 2}
  m_StaticBatchInfo:
    firstSubMesh: 0
    subMeshCount: 0
  m_StaticBatchRoot: {fileID: 0}
  m_ProbeAnchor: {fileID: 0}
  m_LightProbeVolumeOverride: {fileID: 0}
  m_ScaleInLightmap: 1
  m_ReceiveGI: 1
  m_PreserveUVs: 0
  m_IgnoreNormalsForChartDetection: 0
  m_ImportantGI: 0
  m_StitchLightmapSeams: 1
  m_SelectedEditorRenderState: 3
  m_MinimumChartSize: 4
  m_AutoUVMaxDistance: 0.5
  m_AutoUVMaxAngle: 89
  m_LightmapParameters: {fileID: 0}
  m_SortingLayerID: 0
  m_SortingLayer: 0
  m_SortingOrder: 0
  m_AdditionalVertexStreams: {fileID: 0}
--- !u!114 &57244622895772485
MonoBehaviour:
  m_ObjectHideFlags: 0
  m_CorrespondingSourceObject: {fileID: 0}
  m_PrefabInstance: {fileID: 0}
  m_PrefabAsset: {fileID: 0}
  m_GameObject: {fileID: 2221133683253607085}
  m_Enabled: 1
  m_EditorHideFlags: 0
  m_Script: {fileID: 11500000, guid: a7333d57c9b37414dbd9bb1e5bf1b216, type: 3}
  m_Name: 
  m_EditorClassIdentifier: 
--- !u!1 &2897571940037053380
GameObject:
  m_ObjectHideFlags: 0
  m_CorrespondingSourceObject: {fileID: 0}
  m_PrefabInstance: {fileID: 0}
  m_PrefabAsset: {fileID: 0}
  serializedVersion: 6
  m_Component:
  - component: {fileID: 5470080434471640489}
  - component: {fileID: 4233668706612055401}
  - component: {fileID: 2841039680100128267}
  - component: {fileID: 1161669518679942153}
  - component: {fileID: 1412966590993863542}
  - component: {fileID: 5691565080892609402}
  m_Layer: 0
  m_Name: P5_Slide_4
  m_TagString: Untagged
  m_Icon: {fileID: 0}
  m_NavMeshLayer: 0
  m_StaticEditorFlags: 0
  m_IsActive: 1
--- !u!4 &5470080434471640489
Transform:
  m_ObjectHideFlags: 0
  m_CorrespondingSourceObject: {fileID: 0}
  m_PrefabInstance: {fileID: 0}
  m_PrefabAsset: {fileID: 0}
  m_GameObject: {fileID: 2897571940037053380}
  m_LocalRotation: {x: -0.27059835, y: 0.65328145, z: 0.65328133, w: 0.27059835}
  m_LocalPosition: {x: 0.5658512, y: 2.7878962, z: -0.56585026}
  m_LocalScale: {x: 100, y: 100, z: 100}
  m_Children: []
  m_Father: {fileID: 7846016429607716849}
  m_RootOrder: 6
  m_LocalEulerAnglesHint: {x: 0, y: 0, z: 0}
--- !u!33 &4233668706612055401
MeshFilter:
  m_ObjectHideFlags: 0
  m_CorrespondingSourceObject: {fileID: 0}
  m_PrefabInstance: {fileID: 0}
  m_PrefabAsset: {fileID: 0}
  m_GameObject: {fileID: 2897571940037053380}
  m_Mesh: {fileID: 411616136611776873, guid: b9b80cfce78aea94893968b093374daa, type: 3}
--- !u!23 &2841039680100128267
MeshRenderer:
  m_ObjectHideFlags: 0
  m_CorrespondingSourceObject: {fileID: 0}
  m_PrefabInstance: {fileID: 0}
  m_PrefabAsset: {fileID: 0}
  m_GameObject: {fileID: 2897571940037053380}
  m_Enabled: 1
  m_CastShadows: 1
  m_ReceiveShadows: 1
  m_DynamicOccludee: 1
  m_MotionVectors: 1
  m_LightProbeUsage: 1
  m_ReflectionProbeUsage: 1
  m_RayTracingMode: 2
  m_RayTraceProcedural: 0
  m_RenderingLayerMask: 1
  m_RendererPriority: 0
  m_Materials:
  - {fileID: 2100000, guid: a958f4b869ddd7b42949e2f59caa6a59, type: 2}
  m_StaticBatchInfo:
    firstSubMesh: 0
    subMeshCount: 0
  m_StaticBatchRoot: {fileID: 0}
  m_ProbeAnchor: {fileID: 0}
  m_LightProbeVolumeOverride: {fileID: 0}
  m_ScaleInLightmap: 1
  m_ReceiveGI: 1
  m_PreserveUVs: 0
  m_IgnoreNormalsForChartDetection: 0
  m_ImportantGI: 0
  m_StitchLightmapSeams: 1
  m_SelectedEditorRenderState: 3
  m_MinimumChartSize: 4
  m_AutoUVMaxDistance: 0.5
  m_AutoUVMaxAngle: 89
  m_LightmapParameters: {fileID: 0}
  m_SortingLayerID: 0
  m_SortingLayer: 0
  m_SortingOrder: 0
  m_AdditionalVertexStreams: {fileID: 0}
--- !u!114 &1161669518679942153
MonoBehaviour:
  m_ObjectHideFlags: 0
  m_CorrespondingSourceObject: {fileID: 0}
  m_PrefabInstance: {fileID: 0}
  m_PrefabAsset: {fileID: 0}
  m_GameObject: {fileID: 2897571940037053380}
  m_Enabled: 1
  m_EditorHideFlags: 0
  m_Script: {fileID: 11500000, guid: 04bc1a2ad9de48179fd3be8e6e14cbb4, type: 3}
  m_Name: 
  m_EditorClassIdentifier: 
  IconPrefab: {fileID: 7875358131524808183, guid: 2b11fa2cd55dbdb41adf0a8106ff6cdf,
    type: 3}
  PinPoint: {fileID: 0}
  AdditionalRenderers: []
  SortingPriorityInPanel: 0
--- !u!114 &1412966590993863542
MonoBehaviour:
  m_ObjectHideFlags: 0
  m_CorrespondingSourceObject: {fileID: 0}
  m_PrefabInstance: {fileID: 0}
  m_PrefabAsset: {fileID: 0}
  m_GameObject: {fileID: 2897571940037053380}
  m_Enabled: 1
  m_EditorHideFlags: 0
  m_Script: {fileID: 11500000, guid: 94533d393af94a6eb9ecc57d5b1dec63, type: 3}
  m_Name: 
  m_EditorClassIdentifier: 
  UniqueId: 47fb22accfc0a6a4294f0635abed068f
  UnchangableMaterial: {fileID: 0}
--- !u!114 &5691565080892609402
MonoBehaviour:
  m_ObjectHideFlags: 0
  m_CorrespondingSourceObject: {fileID: 0}
  m_PrefabInstance: {fileID: 0}
  m_PrefabAsset: {fileID: 0}
  m_GameObject: {fileID: 2897571940037053380}
  m_Enabled: 1
  m_EditorHideFlags: 0
  m_Script: {fileID: 11500000, guid: 79b7b8eaca8044b7bc4562668bc8851d, type: 3}
  m_Name: 
  m_EditorClassIdentifier: 
  StackId: 1
--- !u!1 &2981515721007430753
GameObject:
  m_ObjectHideFlags: 0
  m_CorrespondingSourceObject: {fileID: 0}
  m_PrefabInstance: {fileID: 0}
  m_PrefabAsset: {fileID: 0}
  serializedVersion: 6
  m_Component:
  - component: {fileID: 2043882638888284726}
  - component: {fileID: 8698905196806830985}
  - component: {fileID: 1006923908289700538}
  - component: {fileID: 6482279324429399743}
  - component: {fileID: 4090589213442094359}
  m_Layer: 0
  m_Name: P5_Pillar
  m_TagString: Untagged
  m_Icon: {fileID: 0}
  m_NavMeshLayer: 0
  m_StaticEditorFlags: 0
  m_IsActive: 1
--- !u!4 &2043882638888284726
Transform:
  m_ObjectHideFlags: 0
  m_CorrespondingSourceObject: {fileID: 0}
  m_PrefabInstance: {fileID: 0}
  m_PrefabAsset: {fileID: 0}
  m_GameObject: {fileID: 2981515721007430753}
  m_LocalRotation: {x: -0.7071069, y: -0.000000014901161, z: 0.000000007450581, w: 0.70710677}
  m_LocalPosition: {x: -0, y: 2.7899647, z: -0}
  m_LocalScale: {x: 100, y: 99.99998, z: 100}
  m_Children: []
  m_Father: {fileID: 7846016429607716849}
  m_RootOrder: 7
  m_LocalEulerAnglesHint: {x: 0, y: 0, z: 0}
--- !u!33 &8698905196806830985
MeshFilter:
  m_ObjectHideFlags: 0
  m_CorrespondingSourceObject: {fileID: 0}
  m_PrefabInstance: {fileID: 0}
  m_PrefabAsset: {fileID: 0}
  m_GameObject: {fileID: 2981515721007430753}
  m_Mesh: {fileID: -7871633383558384698, guid: b9b80cfce78aea94893968b093374daa, type: 3}
--- !u!23 &1006923908289700538
MeshRenderer:
  m_ObjectHideFlags: 0
  m_CorrespondingSourceObject: {fileID: 0}
  m_PrefabInstance: {fileID: 0}
  m_PrefabAsset: {fileID: 0}
  m_GameObject: {fileID: 2981515721007430753}
  m_Enabled: 1
  m_CastShadows: 1
  m_ReceiveShadows: 1
  m_DynamicOccludee: 1
  m_MotionVectors: 1
  m_LightProbeUsage: 1
  m_ReflectionProbeUsage: 1
  m_RayTracingMode: 2
  m_RayTraceProcedural: 0
  m_RenderingLayerMask: 1
  m_RendererPriority: 0
  m_Materials:
  - {fileID: 2100000, guid: a958f4b869ddd7b42949e2f59caa6a59, type: 2}
  m_StaticBatchInfo:
    firstSubMesh: 0
    subMeshCount: 0
  m_StaticBatchRoot: {fileID: 0}
  m_ProbeAnchor: {fileID: 0}
  m_LightProbeVolumeOverride: {fileID: 0}
  m_ScaleInLightmap: 1
  m_ReceiveGI: 1
  m_PreserveUVs: 0
  m_IgnoreNormalsForChartDetection: 0
  m_ImportantGI: 0
  m_StitchLightmapSeams: 1
  m_SelectedEditorRenderState: 3
  m_MinimumChartSize: 4
  m_AutoUVMaxDistance: 0.5
  m_AutoUVMaxAngle: 89
  m_LightmapParameters: {fileID: 0}
  m_SortingLayerID: 0
  m_SortingLayer: 0
  m_SortingOrder: 0
  m_AdditionalVertexStreams: {fileID: 0}
--- !u!114 &6482279324429399743
MonoBehaviour:
  m_ObjectHideFlags: 0
  m_CorrespondingSourceObject: {fileID: 0}
  m_PrefabInstance: {fileID: 0}
  m_PrefabAsset: {fileID: 0}
  m_GameObject: {fileID: 2981515721007430753}
  m_Enabled: 1
  m_EditorHideFlags: 0
  m_Script: {fileID: 11500000, guid: 04bc1a2ad9de48179fd3be8e6e14cbb4, type: 3}
  m_Name: 
  m_EditorClassIdentifier: 
  IconPrefab: {fileID: 1690682238154742983, guid: 66e807aaca7e06c40969a905cc3db121,
    type: 3}
  PinPoint: {fileID: 0}
  AdditionalRenderers: []
  SortingPriorityInPanel: 0
--- !u!114 &4090589213442094359
MonoBehaviour:
  m_ObjectHideFlags: 0
  m_CorrespondingSourceObject: {fileID: 0}
  m_PrefabInstance: {fileID: 0}
  m_PrefabAsset: {fileID: 0}
  m_GameObject: {fileID: 2981515721007430753}
  m_Enabled: 1
  m_EditorHideFlags: 0
  m_Script: {fileID: 11500000, guid: 94533d393af94a6eb9ecc57d5b1dec63, type: 3}
  m_Name: 
  m_EditorClassIdentifier: 
  UniqueId: 2077a8afee7c0b74ebc7a3703c07a369
  UnchangableMaterial: {fileID: 0}
--- !u!1 &3545693798069844000
GameObject:
  m_ObjectHideFlags: 0
  m_CorrespondingSourceObject: {fileID: 0}
  m_PrefabInstance: {fileID: 0}
  m_PrefabAsset: {fileID: 0}
  serializedVersion: 6
  m_Component:
  - component: {fileID: 7286715219833815725}
  - component: {fileID: 6245962982481244144}
  m_Layer: 0
  m_Name: W2_M5
  m_TagString: Untagged
  m_Icon: {fileID: 0}
  m_NavMeshLayer: 0
  m_StaticEditorFlags: 0
  m_IsActive: 1
--- !u!4 &7286715219833815725
Transform:
  m_ObjectHideFlags: 0
  m_CorrespondingSourceObject: {fileID: 0}
  m_PrefabInstance: {fileID: 0}
  m_PrefabAsset: {fileID: 0}
  m_GameObject: {fileID: 3545693798069844000}
  m_LocalRotation: {x: 0, y: 0, z: 0, w: 1}
  m_LocalPosition: {x: 0, y: 0, z: 0}
  m_LocalScale: {x: 1, y: 1, z: 1}
  m_Children:
  - {fileID: 711634564713378366}
  - {fileID: 7846016429607716849}
  m_Father: {fileID: 0}
  m_RootOrder: 0
  m_LocalEulerAnglesHint: {x: 0, y: 0, z: 0}
--- !u!114 &6245962982481244144
MonoBehaviour:
  m_ObjectHideFlags: 0
  m_CorrespondingSourceObject: {fileID: 0}
  m_PrefabInstance: {fileID: 0}
  m_PrefabAsset: {fileID: 0}
  m_GameObject: {fileID: 3545693798069844000}
  m_Enabled: 1
  m_EditorHideFlags: 0
  m_Script: {fileID: 11500000, guid: 61cfbd4612a04c569ab2bc8d923982e4, type: 3}
  m_Name: 
  m_EditorClassIdentifier: 
  BaseLevelAnchor: {fileID: 711634564713378366}
  Id: 38d6cfc7adf9a1047b9fa3bbcc32f35c
  Event: 16
  Materials:
  - Scheme: {fileID: 11400000, guid: 88ad2ea20ebf06140a9b641d4ae31d52, type: 2}
    Material: {fileID: 2100000, guid: a958f4b869ddd7b42949e2f59caa6a59, type: 2}
  - Scheme: {fileID: 11400000, guid: 2572bf4aac14e1641b377282f44b9ea2, type: 2}
    Material: {fileID: 2100000, guid: 0d24d6f074b1f1548a887e644849f46c, type: 2}
--- !u!1 &5171436958802801034
GameObject:
  m_ObjectHideFlags: 0
  m_CorrespondingSourceObject: {fileID: 0}
  m_PrefabInstance: {fileID: 0}
  m_PrefabAsset: {fileID: 0}
  serializedVersion: 6
  m_Component:
  - component: {fileID: 1283603374007991695}
  - component: {fileID: 2747484237297585446}
  - component: {fileID: 7092877681867842659}
  - component: {fileID: 8120243173733980814}
  - component: {fileID: 5117285301721224272}
  m_Layer: 0
  m_Name: P5_Ball
  m_TagString: Untagged
  m_Icon: {fileID: 0}
  m_NavMeshLayer: 0
  m_StaticEditorFlags: 0
  m_IsActive: 1
--- !u!4 &1283603374007991695
Transform:
  m_ObjectHideFlags: 0
  m_CorrespondingSourceObject: {fileID: 0}
  m_PrefabInstance: {fileID: 0}
  m_PrefabAsset: {fileID: 0}
  m_GameObject: {fileID: 5171436958802801034}
  m_LocalRotation: {x: -0.7071069, y: -0.00000017881393, z: -0.00000015646219, w: 0.7071067}
  m_LocalPosition: {x: 0.89247704, y: 3.1089544, z: -0}
  m_LocalScale: {x: 100, y: 99.999985, z: 100}
  m_Children: []
  m_Father: {fileID: 7846016429607716849}
  m_RootOrder: 11
  m_LocalEulerAnglesHint: {x: 0, y: 0, z: 0}
--- !u!33 &2747484237297585446
MeshFilter:
  m_ObjectHideFlags: 0
  m_CorrespondingSourceObject: {fileID: 0}
  m_PrefabInstance: {fileID: 0}
  m_PrefabAsset: {fileID: 0}
  m_GameObject: {fileID: 5171436958802801034}
  m_Mesh: {fileID: -2937086213360977655, guid: b9b80cfce78aea94893968b093374daa, type: 3}
--- !u!23 &7092877681867842659
MeshRenderer:
  m_ObjectHideFlags: 0
  m_CorrespondingSourceObject: {fileID: 0}
  m_PrefabInstance: {fileID: 0}
  m_PrefabAsset: {fileID: 0}
  m_GameObject: {fileID: 5171436958802801034}
  m_Enabled: 1
  m_CastShadows: 1
  m_ReceiveShadows: 1
  m_DynamicOccludee: 1
  m_MotionVectors: 1
  m_LightProbeUsage: 1
  m_ReflectionProbeUsage: 1
  m_RayTracingMode: 2
  m_RayTraceProcedural: 0
  m_RenderingLayerMask: 1
  m_RendererPriority: 0
  m_Materials:
  - {fileID: 2100000, guid: a958f4b869ddd7b42949e2f59caa6a59, type: 2}
  m_StaticBatchInfo:
    firstSubMesh: 0
    subMeshCount: 0
  m_StaticBatchRoot: {fileID: 0}
  m_ProbeAnchor: {fileID: 0}
  m_LightProbeVolumeOverride: {fileID: 0}
  m_ScaleInLightmap: 1
  m_ReceiveGI: 1
  m_PreserveUVs: 0
  m_IgnoreNormalsForChartDetection: 0
  m_ImportantGI: 0
  m_StitchLightmapSeams: 1
  m_SelectedEditorRenderState: 3
  m_MinimumChartSize: 4
  m_AutoUVMaxDistance: 0.5
  m_AutoUVMaxAngle: 89
  m_LightmapParameters: {fileID: 0}
  m_SortingLayerID: 0
  m_SortingLayer: 0
  m_SortingOrder: 0
  m_AdditionalVertexStreams: {fileID: 0}
--- !u!114 &8120243173733980814
MonoBehaviour:
  m_ObjectHideFlags: 0
  m_CorrespondingSourceObject: {fileID: 0}
  m_PrefabInstance: {fileID: 0}
  m_PrefabAsset: {fileID: 0}
  m_GameObject: {fileID: 5171436958802801034}
  m_Enabled: 1
  m_EditorHideFlags: 0
  m_Script: {fileID: 11500000, guid: 04bc1a2ad9de48179fd3be8e6e14cbb4, type: 3}
  m_Name: 
  m_EditorClassIdentifier: 
  IconPrefab: {fileID: 5089362439494947575, guid: 59e452a35e52ab04bb4d7d85920c106f,
    type: 3}
  PinPoint: {fileID: 0}
  AdditionalRenderers: []
  SortingPriorityInPanel: 0
--- !u!114 &5117285301721224272
MonoBehaviour:
  m_ObjectHideFlags: 0
  m_CorrespondingSourceObject: {fileID: 0}
  m_PrefabInstance: {fileID: 0}
  m_PrefabAsset: {fileID: 0}
  m_GameObject: {fileID: 5171436958802801034}
  m_Enabled: 1
  m_EditorHideFlags: 0
  m_Script: {fileID: 11500000, guid: 94533d393af94a6eb9ecc57d5b1dec63, type: 3}
  m_Name: 
  m_EditorClassIdentifier: 
  UniqueId: 4ccc20edd9767574a8399ec4fef4ad0e
  UnchangableMaterial: {fileID: 0}
--- !u!1 &5918291909163041549
GameObject:
  m_ObjectHideFlags: 0
  m_CorrespondingSourceObject: {fileID: 0}
  m_PrefabInstance: {fileID: 0}
  m_PrefabAsset: {fileID: 0}
  serializedVersion: 6
  m_Component:
  - component: {fileID: 7366684363960597222}
  - component: {fileID: 3478465966882729366}
  - component: {fileID: 1648049253525567298}
  - component: {fileID: 4610147776053744224}
  - component: {fileID: 4901666999284643711}
  m_Layer: 0
  m_Name: P5_Sphere
  m_TagString: Untagged
  m_Icon: {fileID: 0}
  m_NavMeshLayer: 0
  m_StaticEditorFlags: 0
  m_IsActive: 1
--- !u!4 &7366684363960597222
Transform:
  m_ObjectHideFlags: 0
  m_CorrespondingSourceObject: {fileID: 0}
  m_PrefabInstance: {fileID: 0}
  m_PrefabAsset: {fileID: 0}
  m_GameObject: {fileID: 5918291909163041549}
  m_LocalRotation: {x: -0.7071069, y: -0.000000014901161, z: 0.000000007450581, w: 0.70710677}
  m_LocalPosition: {x: -0, y: 3.1039839, z: -0}
  m_LocalScale: {x: 100, y: 99.99998, z: 100}
  m_Children: []
  m_Father: {fileID: 7846016429607716849}
  m_RootOrder: 8
  m_LocalEulerAnglesHint: {x: 0, y: 0, z: 0}
--- !u!33 &3478465966882729366
MeshFilter:
  m_ObjectHideFlags: 0
  m_CorrespondingSourceObject: {fileID: 0}
  m_PrefabInstance: {fileID: 0}
  m_PrefabAsset: {fileID: 0}
  m_GameObject: {fileID: 5918291909163041549}
  m_Mesh: {fileID: -5321207347403037404, guid: b9b80cfce78aea94893968b093374daa, type: 3}
--- !u!23 &1648049253525567298
MeshRenderer:
  m_ObjectHideFlags: 0
  m_CorrespondingSourceObject: {fileID: 0}
  m_PrefabInstance: {fileID: 0}
  m_PrefabAsset: {fileID: 0}
  m_GameObject: {fileID: 5918291909163041549}
  m_Enabled: 1
  m_CastShadows: 1
  m_ReceiveShadows: 1
  m_DynamicOccludee: 1
  m_MotionVectors: 1
  m_LightProbeUsage: 1
  m_ReflectionProbeUsage: 1
  m_RayTracingMode: 2
  m_RayTraceProcedural: 0
  m_RenderingLayerMask: 1
  m_RendererPriority: 0
  m_Materials:
  - {fileID: 2100000, guid: a958f4b869ddd7b42949e2f59caa6a59, type: 2}
  m_StaticBatchInfo:
    firstSubMesh: 0
    subMeshCount: 0
  m_StaticBatchRoot: {fileID: 0}
  m_ProbeAnchor: {fileID: 0}
  m_LightProbeVolumeOverride: {fileID: 0}
  m_ScaleInLightmap: 1
  m_ReceiveGI: 1
  m_PreserveUVs: 0
  m_IgnoreNormalsForChartDetection: 0
  m_ImportantGI: 0
  m_StitchLightmapSeams: 1
  m_SelectedEditorRenderState: 3
  m_MinimumChartSize: 4
  m_AutoUVMaxDistance: 0.5
  m_AutoUVMaxAngle: 89
  m_LightmapParameters: {fileID: 0}
  m_SortingLayerID: 0
  m_SortingLayer: 0
  m_SortingOrder: 0
  m_AdditionalVertexStreams: {fileID: 0}
--- !u!114 &4610147776053744224
MonoBehaviour:
  m_ObjectHideFlags: 0
  m_CorrespondingSourceObject: {fileID: 0}
  m_PrefabInstance: {fileID: 0}
  m_PrefabAsset: {fileID: 0}
  m_GameObject: {fileID: 5918291909163041549}
  m_Enabled: 1
  m_EditorHideFlags: 0
  m_Script: {fileID: 11500000, guid: 04bc1a2ad9de48179fd3be8e6e14cbb4, type: 3}
  m_Name: 
  m_EditorClassIdentifier: 
  IconPrefab: {fileID: 1413277184741817157, guid: 7b7758352763fc34581320b5ee8c1fd8,
    type: 3}
  PinPoint: {fileID: 0}
  AdditionalRenderers: []
  SortingPriorityInPanel: 0
--- !u!114 &4901666999284643711
MonoBehaviour:
  m_ObjectHideFlags: 0
  m_CorrespondingSourceObject: {fileID: 0}
  m_PrefabInstance: {fileID: 0}
  m_PrefabAsset: {fileID: 0}
  m_GameObject: {fileID: 5918291909163041549}
  m_Enabled: 1
  m_EditorHideFlags: 0
  m_Script: {fileID: 11500000, guid: 94533d393af94a6eb9ecc57d5b1dec63, type: 3}
  m_Name: 
  m_EditorClassIdentifier: 
  UniqueId: 8033330664f75c14abf6a60f87dcae87
  UnchangableMaterial: {fileID: 0}
--- !u!1 &7183709855924969177
GameObject:
  m_ObjectHideFlags: 0
  m_CorrespondingSourceObject: {fileID: 0}
  m_PrefabInstance: {fileID: 0}
  m_PrefabAsset: {fileID: 0}
  serializedVersion: 6
  m_Component:
  - component: {fileID: 3494640146353211135}
  - component: {fileID: 2486610178625009958}
  - component: {fileID: 3025998716766302820}
  - component: {fileID: 9222313032346304306}
  - component: {fileID: 6926969443933183042}
  - component: {fileID: 3681755161942307189}
  m_Layer: 0
  m_Name: P5_Slide_2
  m_TagString: Untagged
  m_Icon: {fileID: 0}
  m_NavMeshLayer: 0
  m_StaticEditorFlags: 0
  m_IsActive: 1
--- !u!4 &3494640146353211135
Transform:
  m_ObjectHideFlags: 0
  m_CorrespondingSourceObject: {fileID: 0}
  m_PrefabInstance: {fileID: 0}
  m_PrefabAsset: {fileID: 0}
  m_GameObject: {fileID: 7183709855924969177}
  m_LocalRotation: {x: -0.6532813, y: -0.27059862, z: -0.27059865, w: 0.6532812}
  m_LocalPosition: {x: -0.5658531, y: 2.787898, z: 0.56585026}
  m_LocalScale: {x: 100.000015, y: 100, z: 100}
  m_Children: []
  m_Father: {fileID: 7846016429607716849}
  m_RootOrder: 4
  m_LocalEulerAnglesHint: {x: 0, y: 0, z: 0}
--- !u!33 &2486610178625009958
MeshFilter:
  m_ObjectHideFlags: 0
  m_CorrespondingSourceObject: {fileID: 0}
  m_PrefabInstance: {fileID: 0}
  m_PrefabAsset: {fileID: 0}
  m_GameObject: {fileID: 7183709855924969177}
  m_Mesh: {fileID: -1081804664646633947, guid: b9b80cfce78aea94893968b093374daa, type: 3}
--- !u!23 &3025998716766302820
MeshRenderer:
  m_ObjectHideFlags: 0
  m_CorrespondingSourceObject: {fileID: 0}
  m_PrefabInstance: {fileID: 0}
  m_PrefabAsset: {fileID: 0}
  m_GameObject: {fileID: 7183709855924969177}
  m_Enabled: 1
  m_CastShadows: 1
  m_ReceiveShadows: 1
  m_DynamicOccludee: 1
  m_MotionVectors: 1
  m_LightProbeUsage: 1
  m_ReflectionProbeUsage: 1
  m_RayTracingMode: 2
  m_RayTraceProcedural: 0
  m_RenderingLayerMask: 1
  m_RendererPriority: 0
  m_Materials:
  - {fileID: 2100000, guid: a958f4b869ddd7b42949e2f59caa6a59, type: 2}
  m_StaticBatchInfo:
    firstSubMesh: 0
    subMeshCount: 0
  m_StaticBatchRoot: {fileID: 0}
  m_ProbeAnchor: {fileID: 0}
  m_LightProbeVolumeOverride: {fileID: 0}
  m_ScaleInLightmap: 1
  m_ReceiveGI: 1
  m_PreserveUVs: 0
  m_IgnoreNormalsForChartDetection: 0
  m_ImportantGI: 0
  m_StitchLightmapSeams: 1
  m_SelectedEditorRenderState: 3
  m_MinimumChartSize: 4
  m_AutoUVMaxDistance: 0.5
  m_AutoUVMaxAngle: 89
  m_LightmapParameters: {fileID: 0}
  m_SortingLayerID: 0
  m_SortingLayer: 0
  m_SortingOrder: 0
  m_AdditionalVertexStreams: {fileID: 0}
--- !u!114 &9222313032346304306
MonoBehaviour:
  m_ObjectHideFlags: 0
  m_CorrespondingSourceObject: {fileID: 0}
  m_PrefabInstance: {fileID: 0}
  m_PrefabAsset: {fileID: 0}
  m_GameObject: {fileID: 7183709855924969177}
  m_Enabled: 1
  m_EditorHideFlags: 0
  m_Script: {fileID: 11500000, guid: 04bc1a2ad9de48179fd3be8e6e14cbb4, type: 3}
  m_Name: 
  m_EditorClassIdentifier: 
  IconPrefab: {fileID: 126005534674026585, guid: 010f0e9e6c53848448cb839eaf588d93,
    type: 3}
  PinPoint: {fileID: 0}
  AdditionalRenderers: []
  SortingPriorityInPanel: 0
--- !u!114 &6926969443933183042
MonoBehaviour:
  m_ObjectHideFlags: 0
  m_CorrespondingSourceObject: {fileID: 0}
  m_PrefabInstance: {fileID: 0}
  m_PrefabAsset: {fileID: 0}
  m_GameObject: {fileID: 7183709855924969177}
  m_Enabled: 1
  m_EditorHideFlags: 0
  m_Script: {fileID: 11500000, guid: 94533d393af94a6eb9ecc57d5b1dec63, type: 3}
  m_Name: 
  m_EditorClassIdentifier: 
  UniqueId: 150f4e752f8ac1a43acb03836797eec6
  UnchangableMaterial: {fileID: 0}
--- !u!114 &3681755161942307189
MonoBehaviour:
  m_ObjectHideFlags: 0
  m_CorrespondingSourceObject: {fileID: 0}
  m_PrefabInstance: {fileID: 0}
  m_PrefabAsset: {fileID: 0}
  m_GameObject: {fileID: 7183709855924969177}
  m_Enabled: 1
  m_EditorHideFlags: 0
  m_Script: {fileID: 11500000, guid: 79b7b8eaca8044b7bc4562668bc8851d, type: 3}
  m_Name: 
  m_EditorClassIdentifier: 
  StackId: 1
--- !u!1 &7212064813931212474
GameObject:
  m_ObjectHideFlags: 0
  m_CorrespondingSourceObject: {fileID: 0}
  m_PrefabInstance: {fileID: 0}
  m_PrefabAsset: {fileID: 0}
  serializedVersion: 6
  m_Component:
  - component: {fileID: 6329266560297903359}
  - component: {fileID: 3757265379287072860}
  - component: {fileID: 7223688907902482924}
  - component: {fileID: 8655217403922958328}
  - component: {fileID: 8649006106147808062}
  m_Layer: 0
  m_Name: P5_Base_1
  m_TagString: Untagged
  m_Icon: {fileID: 0}
  m_NavMeshLayer: 0
  m_StaticEditorFlags: 0
  m_IsActive: 1
--- !u!4 &6329266560297903359
Transform:
  m_ObjectHideFlags: 0
  m_CorrespondingSourceObject: {fileID: 0}
  m_PrefabInstance: {fileID: 0}
  m_PrefabAsset: {fileID: 0}
  m_GameObject: {fileID: 7212064813931212474}
  m_LocalRotation: {x: -0.7071069, y: -0.000000014901161, z: 0.000000007450581, w: 0.70710677}
  m_LocalPosition: {x: -0.000002861023, y: 2.449707, z: -0.0000009536743}
  m_LocalScale: {x: 100, y: 99.99998, z: 99.99999}
  m_Children: []
  m_Father: {fileID: 7846016429607716849}
  m_RootOrder: 0
  m_LocalEulerAnglesHint: {x: 0, y: 0, z: 0}
--- !u!33 &3757265379287072860
MeshFilter:
  m_ObjectHideFlags: 0
  m_CorrespondingSourceObject: {fileID: 0}
  m_PrefabInstance: {fileID: 0}
  m_PrefabAsset: {fileID: 0}
  m_GameObject: {fileID: 7212064813931212474}
  m_Mesh: {fileID: 7202029144259340692, guid: b9b80cfce78aea94893968b093374daa, type: 3}
--- !u!23 &7223688907902482924
MeshRenderer:
  m_ObjectHideFlags: 0
  m_CorrespondingSourceObject: {fileID: 0}
  m_PrefabInstance: {fileID: 0}
  m_PrefabAsset: {fileID: 0}
  m_GameObject: {fileID: 7212064813931212474}
  m_Enabled: 1
  m_CastShadows: 1
  m_ReceiveShadows: 1
  m_DynamicOccludee: 1
  m_MotionVectors: 1
  m_LightProbeUsage: 1
  m_ReflectionProbeUsage: 1
  m_RayTracingMode: 2
  m_RayTraceProcedural: 0
  m_RenderingLayerMask: 1
  m_RendererPriority: 0
  m_Materials:
  - {fileID: 2100000, guid: a958f4b869ddd7b42949e2f59caa6a59, type: 2}
  m_StaticBatchInfo:
    firstSubMesh: 0
    subMeshCount: 0
  m_StaticBatchRoot: {fileID: 0}
  m_ProbeAnchor: {fileID: 0}
  m_LightProbeVolumeOverride: {fileID: 0}
  m_ScaleInLightmap: 1
  m_ReceiveGI: 1
  m_PreserveUVs: 0
  m_IgnoreNormalsForChartDetection: 0
  m_ImportantGI: 0
  m_StitchLightmapSeams: 1
  m_SelectedEditorRenderState: 3
  m_MinimumChartSize: 4
  m_AutoUVMaxDistance: 0.5
  m_AutoUVMaxAngle: 89
  m_LightmapParameters: {fileID: 0}
  m_SortingLayerID: 0
  m_SortingLayer: 0
  m_SortingOrder: 0
  m_AdditionalVertexStreams: {fileID: 0}
--- !u!114 &8655217403922958328
MonoBehaviour:
  m_ObjectHideFlags: 0
  m_CorrespondingSourceObject: {fileID: 0}
  m_PrefabInstance: {fileID: 0}
  m_PrefabAsset: {fileID: 0}
  m_GameObject: {fileID: 7212064813931212474}
  m_Enabled: 1
  m_EditorHideFlags: 0
  m_Script: {fileID: 11500000, guid: 04bc1a2ad9de48179fd3be8e6e14cbb4, type: 3}
  m_Name: 
  m_EditorClassIdentifier: 
  IconPrefab: {fileID: 7595415068671422915, guid: 6814d9a0a85d7904aade85d612d6ebee,
    type: 3}
  PinPoint: {fileID: 0}
  AdditionalRenderers: []
  SortingPriorityInPanel: 0
--- !u!114 &8649006106147808062
MonoBehaviour:
  m_ObjectHideFlags: 0
  m_CorrespondingSourceObject: {fileID: 0}
  m_PrefabInstance: {fileID: 0}
  m_PrefabAsset: {fileID: 0}
  m_GameObject: {fileID: 7212064813931212474}
  m_Enabled: 1
  m_EditorHideFlags: 0
  m_Script: {fileID: 11500000, guid: 94533d393af94a6eb9ecc57d5b1dec63, type: 3}
  m_Name: 
  m_EditorClassIdentifier: 
  UniqueId: c878cd7e35b8fc647af396776755298e
  UnchangableMaterial: {fileID: 0}
--- !u!1 &7406785780450705088
GameObject:
  m_ObjectHideFlags: 0
  m_CorrespondingSourceObject: {fileID: 0}
  m_PrefabInstance: {fileID: 0}
  m_PrefabAsset: {fileID: 0}
  serializedVersion: 6
  m_Component:
  - component: {fileID: 4708195630139490874}
  - component: {fileID: 52761986911307018}
  - component: {fileID: 7197908767095816794}
  - component: {fileID: 3250407482446394268}
  - component: {fileID: 3089698916339610777}
  - component: {fileID: 5040779782322708907}
  m_Layer: 0
  m_Name: P5_Slide_3
  m_TagString: Untagged
  m_Icon: {fileID: 0}
  m_NavMeshLayer: 0
  m_StaticEditorFlags: 0
  m_IsActive: 1
--- !u!4 &4708195630139490874
Transform:
  m_ObjectHideFlags: 0
  m_CorrespondingSourceObject: {fileID: 0}
  m_PrefabInstance: {fileID: 0}
  m_PrefabAsset: {fileID: 0}
  m_GameObject: {fileID: 7406785780450705088}
  m_LocalRotation: {x: 0.27059764, y: 0.6532817, z: 0.65328157, w: -0.2705977}
  m_LocalPosition: {x: -0.5658531, y: 2.7878952, z: -0.565856}
  m_LocalScale: {x: 100, y: 100, z: 100}
  m_Children: []
  m_Father: {fileID: 7846016429607716849}
  m_RootOrder: 5
  m_LocalEulerAnglesHint: {x: 0, y: 0, z: 0}
--- !u!33 &52761986911307018
MeshFilter:
  m_ObjectHideFlags: 0
  m_CorrespondingSourceObject: {fileID: 0}
  m_PrefabInstance: {fileID: 0}
  m_PrefabAsset: {fileID: 0}
  m_GameObject: {fileID: 7406785780450705088}
  m_Mesh: {fileID: 6142188384516107328, guid: b9b80cfce78aea94893968b093374daa, type: 3}
--- !u!23 &7197908767095816794
MeshRenderer:
  m_ObjectHideFlags: 0
  m_CorrespondingSourceObject: {fileID: 0}
  m_PrefabInstance: {fileID: 0}
  m_PrefabAsset: {fileID: 0}
  m_GameObject: {fileID: 7406785780450705088}
  m_Enabled: 1
  m_CastShadows: 1
  m_ReceiveShadows: 1
  m_DynamicOccludee: 1
  m_MotionVectors: 1
  m_LightProbeUsage: 1
  m_ReflectionProbeUsage: 1
  m_RayTracingMode: 2
  m_RayTraceProcedural: 0
  m_RenderingLayerMask: 1
  m_RendererPriority: 0
  m_Materials:
  - {fileID: 2100000, guid: a958f4b869ddd7b42949e2f59caa6a59, type: 2}
  m_StaticBatchInfo:
    firstSubMesh: 0
    subMeshCount: 0
  m_StaticBatchRoot: {fileID: 0}
  m_ProbeAnchor: {fileID: 0}
  m_LightProbeVolumeOverride: {fileID: 0}
  m_ScaleInLightmap: 1
  m_ReceiveGI: 1
  m_PreserveUVs: 0
  m_IgnoreNormalsForChartDetection: 0
  m_ImportantGI: 0
  m_StitchLightmapSeams: 1
  m_SelectedEditorRenderState: 3
  m_MinimumChartSize: 4
  m_AutoUVMaxDistance: 0.5
  m_AutoUVMaxAngle: 89
  m_LightmapParameters: {fileID: 0}
  m_SortingLayerID: 0
  m_SortingLayer: 0
  m_SortingOrder: 0
  m_AdditionalVertexStreams: {fileID: 0}
--- !u!114 &3250407482446394268
MonoBehaviour:
  m_ObjectHideFlags: 0
  m_CorrespondingSourceObject: {fileID: 0}
  m_PrefabInstance: {fileID: 0}
  m_PrefabAsset: {fileID: 0}
  m_GameObject: {fileID: 7406785780450705088}
  m_Enabled: 1
  m_EditorHideFlags: 0
  m_Script: {fileID: 11500000, guid: 04bc1a2ad9de48179fd3be8e6e14cbb4, type: 3}
  m_Name: 
  m_EditorClassIdentifier: 
  IconPrefab: {fileID: 2649343400740247921, guid: e580708c913906a42ab17095292dea89,
    type: 3}
  PinPoint: {fileID: 0}
  AdditionalRenderers: []
  SortingPriorityInPanel: 0
--- !u!114 &3089698916339610777
MonoBehaviour:
  m_ObjectHideFlags: 0
  m_CorrespondingSourceObject: {fileID: 0}
  m_PrefabInstance: {fileID: 0}
  m_PrefabAsset: {fileID: 0}
  m_GameObject: {fileID: 7406785780450705088}
  m_Enabled: 1
  m_EditorHideFlags: 0
  m_Script: {fileID: 11500000, guid: 94533d393af94a6eb9ecc57d5b1dec63, type: 3}
  m_Name: 
  m_EditorClassIdentifier: 
  UniqueId: 0206a40bbb069d7438adf845f878a583
  UnchangableMaterial: {fileID: 0}
--- !u!114 &5040779782322708907
MonoBehaviour:
  m_ObjectHideFlags: 0
  m_CorrespondingSourceObject: {fileID: 0}
  m_PrefabInstance: {fileID: 0}
  m_PrefabAsset: {fileID: 0}
  m_GameObject: {fileID: 7406785780450705088}
  m_Enabled: 1
  m_EditorHideFlags: 0
  m_Script: {fileID: 11500000, guid: 79b7b8eaca8044b7bc4562668bc8851d, type: 3}
  m_Name: 
  m_EditorClassIdentifier: 
  StackId: 1
--- !u!1 &7469632247148436811
GameObject:
  m_ObjectHideFlags: 0
  m_CorrespondingSourceObject: {fileID: 0}
  m_PrefabInstance: {fileID: 0}
  m_PrefabAsset: {fileID: 0}
  serializedVersion: 6
  m_Component:
  - component: {fileID: 7846016429607716849}
  - component: {fileID: 2000458159885784106}
  m_Layer: 0
  m_Name: P5
  m_TagString: Untagged
  m_Icon: {fileID: 0}
  m_NavMeshLayer: 0
  m_StaticEditorFlags: 0
  m_IsActive: 1
--- !u!4 &7846016429607716849
Transform:
  m_ObjectHideFlags: 0
  m_CorrespondingSourceObject: {fileID: 0}
  m_PrefabInstance: {fileID: 0}
  m_PrefabAsset: {fileID: 0}
  m_GameObject: {fileID: 7469632247148436811}
  m_LocalRotation: {x: -0, y: -0, z: -0, w: 1}
  m_LocalPosition: {x: 0, y: 0, z: 0}
  m_LocalScale: {x: 1, y: 1, z: 1}
  m_Children:
  - {fileID: 6329266560297903359}
  - {fileID: 9068915287807555229}
  - {fileID: 8705232594464957746}
  - {fileID: 3132929914563831475}
  - {fileID: 3494640146353211135}
  - {fileID: 4708195630139490874}
  - {fileID: 5470080434471640489}
  - {fileID: 2043882638888284726}
  - {fileID: 7366684363960597222}
  - {fileID: 4706695217806997934}
  - {fileID: 8743014716495104054}
  - {fileID: 1283603374007991695}
  - {fileID: 8144200667642532478}
  m_Father: {fileID: 7286715219833815725}
  m_RootOrder: 1
  m_LocalEulerAnglesHint: {x: 0, y: 0, z: 0}
--- !u!95 &2000458159885784106
Animator:
  serializedVersion: 3
  m_ObjectHideFlags: 0
  m_CorrespondingSourceObject: {fileID: 0}
  m_PrefabInstance: {fileID: 0}
  m_PrefabAsset: {fileID: 0}
  m_GameObject: {fileID: 7469632247148436811}
  m_Enabled: 1
  m_Avatar: {fileID: 0}
  m_Controller: {fileID: 9100000, guid: da601b6f35d4b5449907188857c1f277, type: 2}
  m_CullingMode: 0
  m_UpdateMode: 0
  m_ApplyRootMotion: 0
  m_LinearVelocityBlending: 0
  m_WarningMessage: 
  m_HasTransformHierarchy: 1
  m_AllowConstantClipSamplingOptimization: 1
  m_KeepAnimatorControllerStateOnDisable: 0
--- !u!1 &7703923931733395429
GameObject:
  m_ObjectHideFlags: 0
  m_CorrespondingSourceObject: {fileID: 0}
  m_PrefabInstance: {fileID: 0}
  m_PrefabAsset: {fileID: 0}
  serializedVersion: 6
  m_Component:
  - component: {fileID: 711634564713378366}
  m_Layer: 0
  m_Name: Anchor
  m_TagString: Untagged
  m_Icon: {fileID: 0}
  m_NavMeshLayer: 0
  m_StaticEditorFlags: 0
  m_IsActive: 1
--- !u!4 &711634564713378366
Transform:
  m_ObjectHideFlags: 0
  m_CorrespondingSourceObject: {fileID: 0}
  m_PrefabInstance: {fileID: 0}
  m_PrefabAsset: {fileID: 0}
  m_GameObject: {fileID: 7703923931733395429}
  m_LocalRotation: {x: -0, y: -0, z: -0, w: 1}
  m_LocalPosition: {x: 0, y: 3.5, z: 0}
  m_LocalScale: {x: 1, y: 1, z: 1}
  m_Children: []
  m_Father: {fileID: 7286715219833815725}
  m_RootOrder: 0
  m_LocalEulerAnglesHint: {x: 0, y: 0, z: 0}
--- !u!1 &8758310209274995763
GameObject:
  m_ObjectHideFlags: 0
  m_CorrespondingSourceObject: {fileID: 0}
  m_PrefabInstance: {fileID: 0}
  m_PrefabAsset: {fileID: 0}
  serializedVersion: 6
  m_Component:
  - component: {fileID: 8705232594464957746}
  - component: {fileID: 8513960293904848273}
  - component: {fileID: 7392147312884440811}
  - component: {fileID: 8502047106422967451}
  - component: {fileID: 6890241227794387837}
  m_Layer: 0
  m_Name: P5_Base_3
  m_TagString: Untagged
  m_Icon: {fileID: 0}
  m_NavMeshLayer: 0
  m_StaticEditorFlags: 0
  m_IsActive: 1
--- !u!4 &8705232594464957746
Transform:
  m_ObjectHideFlags: 0
  m_CorrespondingSourceObject: {fileID: 0}
  m_PrefabInstance: {fileID: 0}
  m_PrefabAsset: {fileID: 0}
  m_GameObject: {fileID: 8758310209274995763}
  m_LocalRotation: {x: -0.7071069, y: -0.000000014901161, z: 0.000000007450581, w: 0.70710677}
  m_LocalPosition: {x: -0.0000019073486, y: 2.6213655, z: -0.000002861023}
  m_LocalScale: {x: 100, y: 99.99998, z: 99.99999}
  m_Children: []
  m_Father: {fileID: 7846016429607716849}
  m_RootOrder: 2
  m_LocalEulerAnglesHint: {x: 0, y: 0, z: 0}
--- !u!33 &8513960293904848273
MeshFilter:
  m_ObjectHideFlags: 0
  m_CorrespondingSourceObject: {fileID: 0}
  m_PrefabInstance: {fileID: 0}
  m_PrefabAsset: {fileID: 0}
  m_GameObject: {fileID: 8758310209274995763}
  m_Mesh: {fileID: 307133338069121687, guid: b9b80cfce78aea94893968b093374daa, type: 3}
--- !u!23 &7392147312884440811
MeshRenderer:
  m_ObjectHideFlags: 0
  m_CorrespondingSourceObject: {fileID: 0}
  m_PrefabInstance: {fileID: 0}
  m_PrefabAsset: {fileID: 0}
  m_GameObject: {fileID: 8758310209274995763}
  m_Enabled: 1
  m_CastShadows: 1
  m_ReceiveShadows: 1
  m_DynamicOccludee: 1
  m_MotionVectors: 1
  m_LightProbeUsage: 1
  m_ReflectionProbeUsage: 1
  m_RayTracingMode: 2
  m_RayTraceProcedural: 0
  m_RenderingLayerMask: 1
  m_RendererPriority: 0
  m_Materials:
  - {fileID: 2100000, guid: a958f4b869ddd7b42949e2f59caa6a59, type: 2}
  m_StaticBatchInfo:
    firstSubMesh: 0
    subMeshCount: 0
  m_StaticBatchRoot: {fileID: 0}
  m_ProbeAnchor: {fileID: 0}
  m_LightProbeVolumeOverride: {fileID: 0}
  m_ScaleInLightmap: 1
  m_ReceiveGI: 1
  m_PreserveUVs: 0
  m_IgnoreNormalsForChartDetection: 0
  m_ImportantGI: 0
  m_StitchLightmapSeams: 1
  m_SelectedEditorRenderState: 3
  m_MinimumChartSize: 4
  m_AutoUVMaxDistance: 0.5
  m_AutoUVMaxAngle: 89
  m_LightmapParameters: {fileID: 0}
  m_SortingLayerID: 0
  m_SortingLayer: 0
  m_SortingOrder: 0
  m_AdditionalVertexStreams: {fileID: 0}
--- !u!114 &8502047106422967451
MonoBehaviour:
  m_ObjectHideFlags: 0
  m_CorrespondingSourceObject: {fileID: 0}
  m_PrefabInstance: {fileID: 0}
  m_PrefabAsset: {fileID: 0}
  m_GameObject: {fileID: 8758310209274995763}
  m_Enabled: 1
  m_EditorHideFlags: 0
  m_Script: {fileID: 11500000, guid: 04bc1a2ad9de48179fd3be8e6e14cbb4, type: 3}
  m_Name: 
  m_EditorClassIdentifier: 
  IconPrefab: {fileID: 3755858656682912599, guid: ca377e6c544e1614f9822adb1e9aa543,
    type: 3}
  PinPoint: {fileID: 0}
  AdditionalRenderers: []
  SortingPriorityInPanel: 0
--- !u!114 &6890241227794387837
MonoBehaviour:
  m_ObjectHideFlags: 0
  m_CorrespondingSourceObject: {fileID: 0}
  m_PrefabInstance: {fileID: 0}
  m_PrefabAsset: {fileID: 0}
  m_GameObject: {fileID: 8758310209274995763}
  m_Enabled: 1
  m_EditorHideFlags: 0
  m_Script: {fileID: 11500000, guid: 94533d393af94a6eb9ecc57d5b1dec63, type: 3}
  m_Name: 
  m_EditorClassIdentifier: 
  UniqueId: b7211aa2a9750b845abfbbac831da0f0
  UnchangableMaterial: {fileID: 0}
